2408 4200
48 283 121 352 ¹102
416 300 452 361 o.
473 299 633 349 nourrii
660 300 791 350 runccr

101 444 192 524 Quid
207 445 297 520 latet,
312 449 348 507 ut
362 445 498 509 marinae

185 544 306 608 Filium
323 545 437 608 dicunt
450 543 601 608 Thetidis
617 544 681 606 sub
698 543 882 627 lacrymosa
892 545 1005 628 Trojae

101 647 238 719 Funera,
254 664 293 706 ne
309 644 412 706 virilis
1105 645 1148 707 15

187 743 306 808 Cultus
322 744 356 806 in
370 742 497 806 caedom
512 750 546 807 et
561 744 684 826 Lycias
700 744 885 828 proriperet
898 746 1075 811 caletensi

51 949 115 1007 jecto
134 946 251 996 illumin?
266 962 308 995 car
323 961 347 995 re
365 945 494 1004 abundii,
509 945 697 1007 omnimodam
707 945 774 994 niani
784 947 880 996 iareim
897 948 974 1007 fllium
984 946 1090 995 Thetidis
1100 960 1148 993 mn·

56 1014 126 1070 rime,
142 1012 205 1059 eirca
217 1013 344 1060 laetaniam
356 1010 435 1068 urna
444 1009 571 1070 excidium,
585 1023 614 1058 ne
632 1009 680 1058 oiri
698 1009 790 1060 helnae
804 999 952 1074 pemralerei
960 1012 1038 1075 ipram
1047 1012 1078 1058 od
1087 1015 1149 1058 airn-

56 1089 121 1136 gem,
139 1081 163 1124 et
174 1080 255 1123 contro
268 1081 357 1124 terniue
370 1074 511 1136 Lyciorum?

515 1191 696 1218 revomunt

60 1306 112 1345 net.
124 1302 195 1347 turo.
211 1298 251 1346 ille
262 1297 442 1360 expedito-ll
460 1294 562 1344 iuvet.
571 1294 662 1345 Comb.
674 1301 735 1344 nota
750 1296 961 1361 interrogationis
976 1298 1080 1360 ponitur
1092 1305 1151 1360 port

61 1363 134 1416 Quid,
152 1369 179 1409 et
199 1362 272 1410 colon
290 1369 349 1423 post
360 1362 537 1408 colerem-il
557 1359 668 1407 llretidor
685 1359 768 1409 edidit
778 1361 860 1409 Cunin
880 1367 950 1409 .-15
968 1362 1097 1410 Ineadenr
1109 1361 1151 1408 erl.

60 1440 89 1473 ne
100 1426 204 1483 virium
222 1425 414 1488 antiquissimus
424 1421 517 1470 Bianti.
535 1437 564 1470 rie
575 1424 666 1485 viriles,
677 1422 745 1486 quod
757 1375 920 1475 referenlurn
932 1426 965 1474 ed
978 1426 1067 1490 Lyciae
1076 1429 1152 1474 coler-

62 1501 114 1550 oar,
126 1502 175 1536 non
188 1488 307 1536 etiamad
319 1489 403 1551 mitur,
414 1487 490 1536 metri
503 1500 589 1534 cauae.

547 1633 655 1684 NOTAE

61 1731 120 1793 plex
139 1735 179 1776 ert
196 1733 283 1775 autem
300 1742 331 1776 ea
349 1729 514 1788 exercitatio,
525 1729 587 1777 artis
626 1730 680 1778 eine
693 1743 724 1778 eo
735 1729 792 1792 capi
804 1730 879 1793 Troja
898 1743 948 1777 nou
967 1730 1103 1791 potuisset,
1119 1744 1152 1777 ex

59 1807 150 1864 altera,
168 1804 249 1851 altera
269 1803 368 1850 virium.
402 1803 433 1851 In
445 1803 524 1866 priori
535 1805 588 1852 col·
627 1804 776 1853 Calchantis
787 1818 919 1867 responso,
931 1804 1038 1867 Ulyarer
1052 1804 1155 1852 detexit

60 1881 170 1928 lineatur
182 1879 212 1926 ad
228 1885 327 1926 certum
338 1892 453 1940 scopum.
486 1878 518 1926 In
529 1893 587 1941 por·
628 1879 765 1934 Achillem,
775 1886 803 1927 et
814 1879 921 1928 inunxit
934 1892 974 1939 eo,
990 1893 1041 1943 qno
1059 1885 1154 1927 norunt

63 1954 150 2002 teriori
167 1953 287 2000 vincebat
304 1952 348 2014 qui
364 1951 511 2013 longissime
529 1966 588 2001 con·
627 1968 727 2015 omnes,
745 1953 831 2016 modo,
846 1954 986 2017 proponitis
1003 1953 1103 2004 seilicet
1114 1966 1154 2002 ar·

61 2029 195 2087 toraiaset5
212 2035 240 2075 et
259 2028 291 2075 de
308 2027 354 2074 hac
372 2026 401 2074 fir
420 2026 461 2075 hic
480 2026 587 2075 mentio.
628 2029 686 2078 mir.

36 2121 43 2132 ·
61 2105 105 2153 Sic
117 2102 192 2150 liied.
202 2108 233 2150 Ψ.
246 2101 414 2165 diciturAjax
424 2102 523 2150 discum
534 2101 589 2162 eja·
662 2105 779 2168 Marino]
795 2103 883 2153 Thetin
905 2111 963 2153 erat
982 2104 1059 2153 maris
1075 2104 1155 2166 Nym·

61 2182 162 2230 eulaius
177 2179 315 2241 prevalida
332 2192 418 2236 manu,
432 2184 459 2226 et
476 2177 589 2225 omnium
629 2181 689 2243 pha,
703 2180 783 2229 Nerei
800 2177 1086 2239 tilia,Aelri11isautem
1103 2193 1155 2226 ma·

62 2264 144 2304 meter
167 2268 343 2317 exsuperasse.
389 2254 422 2301 Et
445 2252 539 2315 Odyra·
559 2256 588 2299 Θ.
629 2262 676 2302 ter.

62 2332 169 2394 Uiyrres
188 2332 286 2378 dirorum
305 2329 434 2389 lapideum
452 2329 519 2375 ultra
536 2340 588 2374 me·
663 2332 693 2375 16
712 2328 742 2374 in
760 2329 846 2374 cenem
865 2331 889 2374 et
908 2326 1003 2387 Lycios,
1022 2328 1075 2389 tre]
1101 2327 1155 2374 Ad·

62 2417 101 2453 tas
113 2408 218 2453 aliorum
230 2407 304 2464 longe
317 2411 428 2463 torquet.
630 2416 716 2450 verens
728 2401 855 2462 Trojanae
869 2401 956 2459 copias
968 2408 1046 2462 etque
1057 2400 1156 2447 exerci-

96 2481 181 2540 Disco]
193 2479 250 2525 Ἀπὸ
261 2479 304 2523 τοῦ
314 2477 410 2533 δίσκων,
420 2474 510 2531 jacere·
539 2473 588 2522 01·
630 2484 680 2526 tun.
715 2476 792 2538 Lycia
805 2476 915 2536 duplex:
934 2475 1015 2522 altera
1028 2481 1068 2522 eat
1078 2475 1156 2522 'l'roe-

63 2554 102 2599 bis
114 2561 170 2598 erat
187 2551 295 2607 ferreus,
307 2564 404 2608 tenena,
415 2550 525 2608 ligneus,
536 2548 589 2609 ple·
629 2551 669 2599 dir
690 2552 768 2613 regio,
787 2565 818 2597 ex
840 2549 954 2596 Homero
970 2556 997 2596 et
1012 2549 1156 2606 Strabone3

64 2641 171 2688 rumque
194 2624 319 2685 lapideus.
348 2623 389 2685 qui
412 2623 511 2669 medius
533 2624 589 2669 loro
631 2631 776 2674 alternent
798 2625 880 2672 Cariae
908 2623 1025 2671 finitima.
1070 2622 1155 2684 Hujus

64 2702 244 2748 circumflexus
261 2697 285 2743 in
304 2711 378 2744 aruns
399 2704 454 2743 tota
471 2697 493 2742 vi
507 2696 589 2758 jacie·
630 2703 732 2766 quidem
745 2701 833 2763 populi
845 2699 961 2760 Trojanie
977 2699 1099 2746 auxilium
1117 2705 1156 2746 tn·

64 2775 153 2822 batur:
173 2772 353 2835 aquibuadnm
370 2771 588 2819 circumrotando:
632 2778 724 2824 lerunt,
758 2775 799 2823 Ab
812 2784 869 2822 utra
882 2788 941 2821 vero
959 2775 1062 2835 Trojani
1079 2774 1159 2821 deno.

63 2857 92 2896 ut
106 2856 178 2910 patet
189 2863 221 2895 ex
232 2848 277 2895 cit.
296 2847 404 2894 Homeri
413 2846 485 2894 locis·
522 2845 590 2893 Vide
631 2853 762 2899 minentur
781 2851 861 2911 Lycii,
879 2849 976 2896 arbiter
988 2856 1043 2896 erto
1054 2849 1157 2896 Lector:

65 2926 141 2971 Alex·
153 2923 185 2969 ab
198 2923 274 2970 Alex·
287 2935 330 2969 ΙΙΙ.
342 2925 381 2968 21·
632 2935 704 2974 certe
715 2926 795 2982 dicen,
812 2940 861 2972 non
875 2925 907 2971 ab
919 2925 976 2983 linc,
992 2923 1037 2970 aed
1057 2924 1089 2970 ab
1106 2924 1157 2970 illa.

98 3000 175 3047 Trono
184 3000 260 3060 finem
270 2997 351 3056 jaculo
370 2996 453 3044 nobilia
469 2996 589 3058 expedito]
632 3002 735 3049 Mecum
754 2999 831 3060 igitur
851 2999 942 3045 mirare
960 2996 1060 3044 turbem
1073 2997 1158 3043 Inter-

65 3075 203 3137 Frequenil
216 3074 364 3120 nobilitatus
377 3071 495 3130 victorin,
502 3071 591 3132 jaculo
632 3084 733 3140 prelum
745 3074 788 3138 qui
800 3072 853 3120 fere
865 3087 953 3120 omnes
965 3073 1088 3121 hactenus
1101 3085 1160 3120 con·

64 3152 163 3200 scilicet
175 3158 202 3199 et
215 3151 286 3197 disco
299 3159 368 3198 trano
385 3150 489 3197 aliorum
506 3150 593 3210 finem,
634 3152 739 3200 trarinut
753 3149 887 3208 scripsere.

65 3241 110 3275 reu
131 3228 233 3288 aigum,
260 3226 355 3273 Graece
377 3225 450 3285 σῆμα,
473 3226 593 3287 expedite
667 3226 792 3286 catervan]
811 3221 1065 3270 HioGrnmmatistae
1084 3221 1160 3283 vulgo

65 3303 193 3366 projecto.
634 3309 740 3352 monent
754 3301 888 3348 Catervam
906 3297 1015 3344 militurn
1027 3310 1089 3343 sena
1105 3299 1160 3344 mil-

98 3383 127 3425 13
149 3379 183 3423 Ut
194 3377 291 3423 mni-inre
308 3376 397 3422 Filium
415 3376 496 3422 dicant
513 3375 592 3422 Tueri-
635 3379 669 3425 iia
684 3376 825 3430 continere,
843 3372 1022 3432 propriamque
1038 3369 1160 3418 Afrorum

65 3459 111 3519 die,
126 3457 180 3517 lfa]
199 3454 325 3501 Achillem
344 3467 434 3514 nempe
455 3460 536 3498 mater
548 3454 591 3499 iia·
635 3469 699 3510 esse,
712 3452 777 3498 sicut
792 3448 906 3495 Phalanx
924 3456 962 3494 est
977 3447 1161 3504 Macedonum,

65 3533 122 3579 bitu
135 3529 251 3577 muliebri
272 3528 340 3574 inter
357 3526 509 3587 Lycomedis
522 3528 592 3587 puel·
637 3528 714 3587 Legio
733 3539 793 3571 vero
812 3523 954 3569 Gallorum.
987 3523 1038 3570 Sed
1054 3522 1114 3583 quid
1127 3521 1160 3567 ad

67 3609 104 3654 lus
117 3604 282 3653 abscondisse
296 3612 423 3661 narratur,
443 3616 475 3647 ne
493 3601 524 3647 nd
541 3601 592 3646 bel·
636 3602 702 3648 rem?
740 3600 773 3646 Et
787 3597 847 3660 quid
861 3598 908 3644 hoc
923 3599 997 3659 juvat
1012 3597 1043 3643 ad
1060 3596 1159 3643 Horatii

67 3684 117 3729 lum
129 3683 267 3742 Trojnnum
281 3688 425 3740 raperetur,
444 3691 474 3723 eo
487 3676 553 3738 quorl
567 3677 592 3722 in
632 3691 734 3724 nensum
753 3675 793 3720 hic
813 3673 1004 3734 expiscandum‚
1022 3672 1065 3719 ubi
1077 3669 1159 3718 omnia

68 3757 128 3803 satis
146 3767 211 3810 erat,
231 3756 251 3800 si
272 3755 359 3815 gloriae
376 3754 474 3800 bellicae
488 3765 591 3813 operam
632 3753 656 3798 in
670 3750 805 3813 propatulo
818 3749 893 3795 suut?

69 3831 151 3894 daret,
168 3832 237 3879 brevi
255 3833 442 3892 perimernlum.
478 3827 514 3875 nt
533 3828 592 3889 quia
