2408 4200
53 259 99 324 96
413 279 447 338 Q.
469 279 628 328 uonsru
653 280 788 330 resecr

142 414 248 497 Albus
263 425 302 480 nt
317 420 462 483 obscuro
476 419 618 499 deterget
631 420 746 483 nubila
761 420 850 484 eoeln
1100 422 1143 484 15

104 509 111 517 ’
184 515 285 598 Saepe
301 516 425 596 Notus,
438 537 544 600 neque
559 520 699 600 parturit
714 520 837 581 imbres
999 525 1002 531 ’

140 614 344 696 Perpetuos3
368 620 418 681 sic
433 625 468 681 tu
482 618 618 697 sapiens
634 617 727 680 finire
743 623 910 681 memento

181 715 366 778 Tristitiam
383 717 528 797 vitaeque
543 716 676 779 labores

142 812 250 888 Molli,
265 814 403 889 Plance,
417 833 525 891 mer03
550 833 610 877 sen
623 823 655 877 te
670 815 828 896 fulgentia
843 816 942 897 signis

184 915 303 981 Castra
317 923 441 994 tenent,
458 936 518 980 sen
532 918 632 981 densa
647 921 773 983 tenebit
1100 923 1151 985 20.

55 1108 130 1157 memo
141 1107 223 1157 riculis
232 1109 406 1158 decurrentibus
415 1108 516 1169 irriguo.
551 1109 747 1163 Quemadmodum
758 1109 903 1158 Leucorotur
912 1108 1034 1172 obquoudo
1045 1105 1143 1156 rubibus

54 1176 171 1232 expurgat
182 1173 264 1220 eoeluur
274 1173 434 1232 caliginosum,
444 1187 485 1220 uec
495 1173 587 1233 plenior
596 1173 662 1233 parit
672 1187 779 1234 sermm,-
793 1174 838 1231 itn,
851 1175 946 1233 Plouee,
956 1174 1077 1221 recordere
1085 1185 1143 1232 pru·

54 1237 111 1282 ders
122 1237 239 1298 irupouere
248 1236 323 1300 fimus
334 1237 425 1283 mereri
436 1240 460 1284 et
471 1238 529 1283 uite
540 1235 664 1296 laboribus,
679 1236 775 1284 bibendo
789 1236 871 1284 cirrum
888 1251 965 1285 susce.
1001 1236 1088 1283 Teucer
1099 1234 1143 1290 su·

520 1358 690 1378 ΝΙΜΜΝ

56 1440 170 1501 Magdal.
191 1455 249 1490 sm.
261 1456 312 1489 see.
332 1441 405 1489 Bodl.
416 1445 440 1488 2.
459 1455 474 1488 a
492 1456 526 1489 m.
544 1453 583 1502 pr.
605 1442 1006 1490 etVeuett.1trr.1rts.1trs.
1024 1438 1143 1499 pomerio,-

56 1504 258 1564 Carr.pomoerio.
292 1504 396 1552 Marcii.
413 1505 489 1565 legit:
511 1504 634 1552 Nobilibus
651 1506 895 1564 mamam-rs
914 1504 1014 1552 Novum
1032 1504 1141 1551 Carmen

55 1566 95 1613 bic
108 1567 199 1626 incipit
211 1568 236 1613 in
249 1568 344 1620 multis,
362 1575 391 1615 nt
410 1567 434 1614 iu
454 1568 529 1614 Fran.
540 1565 616 1615 duob.
627 1568 726 1614 Bersm.
740 1567 823 1628 Liprs.
835 1567 895 1614 trib.
909 1566 963 1614 uti.
973 1572 997 1615 2.
1014 1566 1102 1614 Zarot.
1115 1573 1144 1613 et

56 1629 130 1675 liart.
144 1633 165 1675 i.
176 1634 198 1677 7.
209 1633 233 1676 ³.
243 1633 267 1676 o.
303 1629 472 1677 Undecimum
484 1629 554 1676 Libri
564 1629 669 1677 secundi
679 1630 719 1676 iric
732 1630 822 1692 incipit
832 1630 857 1677 in
866 1631 958 1677 Sanad.
978 1629 1029 1676 Alii
1043 1635 1142 1676 tanturn

55 1691 167 1748 spatium
179 1693 336 1752 relinquunt.
371 1693 401 1739 ln
414 1693 471 1741 eliis
485 1692 626 1754 Inscriptio
638 1693 715 1740 etiam
728 1699 786 1740 est:
803 1692 935 1740 exhortatio
954 1691 1052 1751 (oratio,
1061 1692 1141 1737 borto-

54 1752 100 1815 tio)
115 1755 147 1801 od
163 1753 218 1803 berre
230 1755 350 1814 nioeuduru
366 1758 397 1803 cd
416 1757 542 1816 Ploueuur,
560 1755 599 1802 rel
621 1756 671 1802 tale
689 1755 766 1817 qnid;
801 1755 870 1802 nales
887 1753 961 1801 codd.
981 1755 1097 1810 Scaliger
1115 1759 1142 1799 et

54 1815 175 1864 Heinsius
193 1817 243 1864 ribi
261 1819 327 1865 visos
346 1818 426 1868 aiunt.
461 1818 537 1866 Hori.
550 1823 573 1866 1.
592 1819 656 1865 banc
676 1819 791 1880 Epigrup
810 1832 841 1865 en
861 1816 949 1864 babet:
972 1816 1010 1865 Ao
1028 1816 1141 1862 Plancum

55 1877 159 1926 Horatio
169 1882 200 1926 ud
212 1881 267 1928 bene
276 1882 406 1928 oioeudurn.
438 1883 498 1928 Vei.
517 1880 603 1929 Sobel.
622 1882 689 1929 Don.
706 1881 781 1929 Fsiir.
803 1894 865 1928 nutu
884 1880 1045 1935 Bersmsnni,
1062 1879 1141 1924 Mart.

54 1942 175 2002 detergit5
192 1944 253 1990 Vnt.
264 1947 289 1990 2.
301 1944 359 1992 Urs.
369 1944 486 1991 Termes.
499 1958 586 1991 onmes
598 1945 738 2003 Torrentii,
748 1958 835 1991 omnes
846 1943 921 1991 Harl.
930 1947 957 1988 et
968 1940 1060 1988 Blend.
1070 1941 1142 1988 Cirr.

54 2004 134 2052 illald.
145 2005 190 2053 Sil.
199 2015 225 2053 et
239 2005 335 2054 uudut.
345 2009 470 2067 deterget:
487 2008 559 2055 etsie
571 2020 658 2054 omnes
669 2006 728 2055 edd.
739 2009 915 2054 roceum—iti
932 2005 1023 2051 Plures
1032 2012 1057 2050 et
1070 2003 1139 2049 rueli-

54 2082 112 2114 ores
124 2069 255 2117 Torrentii
272 2068 347 2116 codd.
363 2085 405 2116 uec
418 2071 538 2131 parturit;
556 2077 582 2117 et
600 2071 636 2117 ita
654 2071 728 2116 Fran.
739 2076 766 2116 et
777 2067 934 2116 Sanud-l'i
955 2067 1069 2128 Perpetuo
1082 2065 1143 2115 illd.

55 2134 125 2178 1527.
142 2140 196 2178 tres
209 2132 301 2179 Bland.
315 2132 388 2179 Harl.
399 2136 421 2180 1.
433 2137 457 2180 2.
475 2133 546 2180 Leid.
559 2133 646 2181 Graev.
660 2134 751 2195 Regin.
770 2148 827 2179 cum
843 2130 942 2178 dnobus
955 2131 1009 2177 aliis
1022 2130 1143 2187 Bentleii,

53 2194 120 2256 quod
134 2195 176 2243 ille
190 2196 300 2257 recepit,
319 2210 428 2257 eumque
441 2197 524 2243 secuti
537 2203 596 2243 sunt
607 2196 699 2243 Sanad.
736 2197 875 2257 Perpetuum
887 2193 995 2251 Cuning.
1020 2193 1141 2252 sictupu·

53 2259 114 2304 tieur
125 2257 178 2304 su.
192 2263 279 2307 l.—iil
297 2260 419 2306 Nonnulli
432 2260 470 2306 ita
482 2260 686 2319 interpungunt:
702 2258 843 2310 iristitiam,
852 2256 953 2315 citaeque
964 2255 1053 2302 labores
1063 2255 1141 2314 Molli,

53 2322 93 2377 isc.
112 2329 140 2368 ut
150 2322 219 2368 Molli
231 2323 264 2368 rit
277 2323 390 2380 verbum,
403 2323 452 2368 ie.
470 2321 549 2368 lenire
559 2323 650 2376 stude3
665 2321 689 2366 iu
702 2321 739 2365 tris
751 2320 911 2365 Sansdonus.
947 2317 1033 2363 Codex
1057 2317 1141 2376 Fabri,

543 2462 647 2511 NOTAE

52 2551 204 2612 profundam
217 2554 307 2600 vallem
322 2568 437 2615 praecepa
450 2551 574 2613 defertur,
616 2572 646 2605 nc
659 2559 829 2614 Leurouotus,
842 2568 855 2601 a
868 2554 960 2612 λευκὸς,
971 2553 1089 2609 condidus,
1104 2553 1139 2598 νό.

53 2636 137 2685 etper
149 2628 230 2672 vicina
243 2627 297 2674 urbi
314 2629 432 2675 nemora.'
465 2629 574 2690 Dionys.
614 2646 664 2687 ror,
686 2637 761 2678 notus.
802 2630 974 2685 ventosum,
993 2642 1007 2672 u
1028 2627 1139 2672 Meridie

52 2700 183 2747 Halicarn.
204 2701 247 2746 tin.
259 2714 282 2747 v.
302 2701 381 2748 refert
401 2702 525 2750 Anienem
542 2719 574 2751 ex
615 2707 720 2767 spirans,
733 2720 912 2768 nonnunquam
925 2704 1089 2751 serenitatem
1104 2703 1141 2749 at'·

52 2773 113 2819 urbe
135 2773 232 2820 Tibure
254 2772 349 2821 effundi
371 2790 418 2836 per
443 2779 573 2825 excelsum
614 2781 798 2842 sert‚quamvia
810 2796 879 2842 aaepe
891 2780 984 2827 imbres
995 2779 1090 2839 pariat;
1104 2779 1139 2825 itu

52 2849 193 2909 scopulum,
217 2857 293 2911 atque
314 2851 339 2896 in
358 2850 489 2913 planitiem
509 2850 572 2899 ferri
615 2855 675 2901 licet
694 2855 855 2915 Reipublicae
876 2866 961 2902 curam
983 2867 1055 2913 gersa
1075 2867 1138 2897 sem·

53 2923 222 2970 Romanorum
235 2938 265 2971 ac
275 2925 435 2985 Sabinorum,
446 2934 571 2974 utrorum·
614 2942 669 2988 per,
680 2929 807 2975 interdum
817 2928 941 2974 hilaritati
952 2940 1041 2972 uacare
1052 2926 1138 2978 debes,

52 3010 101 3057 que
113 2996 311 3045 disterminaudo
329 3000 467 3060 regionem,
484 3015 513 3048 uc
529 3001 572 3048 de·
614 3011 640 3050 et
658 3004 766 3048 nniuurm
786 3002 845 3048 vino
866 3014 982 3047 recreare
1003 3001 1138 3056 tantisper,

50 3074 128 3133 nique
149 3072 174 3117 in
193 3073 307 3120 Tiberim
330 3072 445 3135 intinere,
465 3085 573 3137 aspectu
614 3090 646 3123 ne
658 3076 727 3123 illum
739 3076 822 3122 nimiae
834 3075 942 3121 obruant
954 3071 1137 3119 solicitudiues.

50 3148 152 3209 quidem
165 3148 307 3208 jucundum
320 3159 346 3198 et
358 3152 499 3213 pulchrum,
511 3160 573 3215 potu
647 3156 677 3198 18
697 3151 842 3212 Tristitinru]
862 3149 888 3197 Si
903 3148 938 3196 rei
955 3161 1016 3194 curn
1028 3148 1137 3206 priuatae

51 3235 112 3267 vero
124 3222 200 3268 etiarn
213 3230 322 3282 gratum.
614 3227 719 3273 comites
731 3224 810 3271 babet
826 3223 989 3283 egritudines
1002 3221 1137 3282 aliquando

91 3295 188 3342 Tiburni
211 3298 286 3358 lucus]
314 3298 452 3358 Tiburnus,
472 3299 573 3348 Tiburis
614 3313 729 3359 magnas,
746 3305 817 3345 certe
831 3296 990 3358 Reipublicae²
1003 3293 1057 3341 fere
1074 3310 1138 3342 sem·

51 3370 175 3423 conditor,
196 3371 285 3418 ricinis
305 3385 404 3432 quoqne
427 3374 573 3421 nemoribus
614 3388 660 3434 per
672 3374 802 3420 innxiruns.

50 3444 208 3490 datnomen.
647 3451 676 3491 lii
694 3446 793 3503 Plance]
821 3445 850 3490 L.
870 3445 1001 3490 llluuatius
1023 3444 1136 3489 Plancus

86 3520 138 3565 Udo
146 3519 270 3565 Mobilibus
280 3519 384 3579 poururin
395 3517 463 3577 rivis]
473 3521 573 3579 Legunt
612 3519 728 3563 maximis
742 3517 877 3564 honoribus
895 3518 996 3564 iunctus
1010 3526 1057 3572 est,
1071 3519 1137 3564 Con·

50 3595 151 3655 qttidnm
166 3595 297 3652 Nobilibus,
315 3595 510 3655 intelliguntque
527 3594 571 3640 ΑΙ·
613 3594 695 3638 sttlstu
714 3608 770 3639 curu
783 3594 820 3639 M.
834 3595 932 3640 AEntiiio
946 3596 1051 3656 Lepido,
1072 3597 1136 3641 Cen·

49 3669 120 3715 bulas
141 3677 167 3716 et
186 3669 301 3715 Lnbnnas
325 3682 402 3728 aqrras
421 3668 571 3715 salubritate
612 3677 740 3724 surmont.
771 3669 846 3714 Nulla
861 3683 887 3714 re
900 3677 983 3715 utitem
997 3667 1135 3727 nobisqui-

50 3744 157 3803 nobiles,
169 3745 200 3790 de
213 3744 303 3805 quibus
317 3744 409 3790 Strabo
429 3743 472 3789 lib.
485 3757 511 3789 v.
528 3743 571 3789 ulii
611 3742 668 3788 dem
687 3743 803 3789 videatur
821 3744 952 3800 illustrior,
971 3756 1045 3803 quum
1066 3740 1133 3800 qnod

51 3818 149 3865 niolitus
161 3821 362 3880 interpretantur
377 3818 483 3864 ductiles
496 3818 570 3863 rivos.
612 3816 760 3876 Lugdunum
774 3817 953 3863 nobilissimam
963 3818 1133 3861 Romanorum

50 3891 116 3939 ltcui
130 3896 216 3955 legunt
233 3895 349 3957 petitorio,
362 3894 526 3956 referuntque
539 3893 570 3940 nd
611 3893 636 3936 in
659 3891 741 3936 Gellia
758 3892 882 3937 coloniam
902 3888 1052 3937 condiderit,
1072 3886 1132 3934 dnm

50 3966 211 4028 ”libuncujus
220 3986 302 4016 muros
312 3971 382 4016 allrtit
390 3979 415 4016 et
425 3971 489 4030 rigat
499 3968 569 4015 Anio.
612 3966 702 4011 Galliae.
713 3967 823 4011 Comatm
833 3964 970 4025 prefectus
980 3970 1058 4007 esset:
1072 3970 1132 4009 suin

84 4045 112 4085 15
127 4043 199 4088 Albus
211 4052 235 4088 ut
249 4046 349 4103 obscuro,
359 4046 411 4104 irc]
430 4044 486 4092 Nou
500 4057 570 4089 sectis
612 4050 695 4086 tarneu
708 4043 748 4100 qui
761 4056 814 4086 caru
827 4039 911 4085 urbem
924 4040 996 4096 louge
1009 4038 1131 4099 antiquio·
