2408 4200
387 251 594 299 cnuutnun
619 250 692 299 niu.
717 253 773 301 ιιι.
794 240 827 302 2.

229 395 270 457 ln
285 395 403 458 rebus:
426 393 520 457 illum
534 413 575 459 ex
593 397 758 462 moenibus
772 399 912 465 hosticis

271 493 427 558 Matrona
441 495 597 560 bellantis
611 500 741 580 tyranni

315 595 542 679 Prospicieus,
557 601 590 659 et
603 597 714 663 adulte
728 601 832 682 virgo,

228 698 401 781 Suspiret:
425 697 536 762 Ebeu!
557 717 600 762 ne
615 699 708 762 rudis
723 702 891 782 agminum

231 801 386 882 Sponsus
399 799 546 864 lacessat
559 801 671 882 regius
686 821 841 886 asperum

270 900 382 964 'Pactu
398 900 540 978 leonem,
557 921 656 984 quem
673 911 810 970 eruenta

315 1001 380 1066 Per
394 1002 523 1067 medias
538 1005 625 1088 rapit
637 1005 687 1069 ira
701 1007 825 1072 oaedes.

229 1103 339 1167 Dulce
353 1111 387 1167 ot
401 1103 562 1169 decorum
578 1113 632 1170 ost
646 1127 706 1190 pro
722 1111 829 1191 patria
844 1111 944 1174 mori:

230 1203 327 1266 Mors
340 1212 375 1267 et
388 1203 538 1285 fugacem
552 1209 761 1291 persequitur
771 1212 890 1286 virum,

58 1385 115 1434 culo.
149 1385 223 1434 illuns
232 1400 245 1434 e
255 1385 329 1444 nuris
339 1385 442 1434 mutiunt
451 1385 533 1433 uidene
543 1399 605 1432 uxor
617 1385 692 1447 Regis
699 1389 844 1449 proliostin
856 1396 880 1439 et
889 1391 1006 1452 grandior
1016 1394 1104 1453 puello,
1114 1394 1152 1441 iu·

56 1454 152 1507 rme.-
164 1449 230 1512 Heu,
238 1449 470 1510 mmorduoregolie
480 1449 635 1497 certaminum
645 1450 766 1514 imperitus
774 1453 881 1502 incurret
890 1459 915 1504 itu
923 1456 994 1506 istum
1002 1457 1089 1505 mrem
1097 1471 1154 1505 ros·

53 1511 127 1573 flictu
136 1527 233 1575 muer,
247 1527 315 1576 quens
320 1513 395 1572 juror
404 1513 598 1573 mnguirsolerrtue
606 1513 660 1572 ogit
670 1513 695 1560 io
706 1515 795 1564 medior
804 1522 905 1578 elonget.
937 1520 1073 1568 «iucundum
1083 1525 1153 1582 utque

58 1575 187 1634 sionim
203 1582 237 1626 eet
254 1577 385 1627 occumbere
399 1592 443 1640 pro
459 1577 556 1639 putrim
566 1575 702 1637 fugientem
718 1579 789 1628 etioru
799 1581 916 1631 hominem
926 1597 987 1633 utors
997 1589 1154 1633 consectetur.

519 1730 700 1753 metuunt

60 1847 146 1898 Pulso.
159 1856 186 1898 et
201 1848 320 1914 plerique
332 1847 422 1897 lomb.
434 1846 477 1895 eui
489 1847 560 1904 diro,-
577 1848 608 1895 ul.
621 1849 663 1897 rub
679 1851 777 1899 din—9
794 1851 903 1915 &soret
914 1852 958 1901 ieu
969 1853 1013 1902 lieu
1024 1852 1100 1901 codd.
1112 1867 1156 1916 up.

58 1912 192 1962 luni-lii
208 1915 272 1962 Tres
289 1913 365 1963 codd.
379 1912 617 1975 Bluudd.Cruqnii‚
636 1913 739 1976 Sponsus
757 1917 852 1965 loeeoset
861 1933 870 1972 t
887 1918 993 1968 Locher.
1004 1917 1110 1979 Sponrue
1120 1918 1156 1966 lo·

60 1981 212 2026 rem—li
228 1978 338 2039 Cuulng.
350 1976 419 2039 conj.
431 1975 563 2025 abnudnre
575 1982 686 2026 eet—ll
704 1979 772 2026 More
783 1981 897 2044 φησι
909 1978 1056 2031 Markland.
1066 1981 1092 2028 in
1104 1981 1155 2029 Ex·

61 2041 152 2103 plieut.
162 2041 194 2089 V.
208 2040 239 2088 Α.
249 2041 282 2089 Α.
294 2039 460 2104 improbante
469 2040 594 2090 Vsiclteu.
627 2041 697 2088 More
714 2042 768 2100 ets.
777 2045 928 2105 prosequitur
945 2045 1020 2094 Harl.
1030 2048 1055 2094 4.
1066 2048 1091 2093 o.
1108 2043 1154 2093 Ju-

61 2113 132 2152 noer.
141 2112 168 2152 et
180 2105 230 2152 duo
242 2107 315 2153 Vstt.
328 2104 456 2166 Lumbiul,
468 2118 532 2153 none
545 2103 625 2168 Cruq.
638 2104 750 2154 Bentleii
760 2106 848 2153 Graev.
859 2114 885 2155 et
898 2108 1020 2156 Petreus.
1032 2115 1059 2156 et
1069 2108 1122 2157 elit.
1132 2112 1155 2155 l.

61 2167 210 2228 consequitur
221 2168 321 2217 emend.
335 2169 423 2218 Bentl.
436 2168 506 2233 quod
519 2175 546 2215 et
557 2168 669 2230 Conlug.
685 2170 783 2230 reperit
800 2171 827 2217 in
842 2169 900 2220 eod.
914 2172 1007 2235 peJ’oris
1024 2177 1111 2230 notae;
1129 2180 1156 2220 et

62 2231 100 2279 rie
112 2231 195 2281 edidit
206 2232 286 2282 liidd.
305 2233 453 2297 persequitur
464 2232 539 2300 llurl.
555 2235 683 2281 1.2.3.5.
703 2234 785 2282 ceteri
803 2232 878 2282 codd.
892 2243 918 2284 et
933 2233 991 2284 edd.
1026 2235 1094 2284 Vide
1105 2236 1156 2284 Cu-

556 2392 662 2444 NOTAE

60 2509 194 2569 tuornltns‚
213 2516 416 2574 perpetuumque
436 2508 590 2573 trepidetio-
632 2516 718 2557 auteur
731 2521 801 2556 mens
812 2507 874 2556 nihil
895 2520 940 2571 pur
956 2504 1034 2555 hebet
1049 2504 1092 2555 ieti
1104 2505 1159 2557 bel·

62 2595 119 2628 nem
133 2591 259 2644 versetur,
275 2590 304 2632 ut
318 2583 366 2634 lint
382 2583 528 2647 intrepidus
544 2585 589 2634 lm·
631 2584 682 2635 lieo
694 2584 790 2635 ardori.

54 2655 239 2719 ‘pauidusqnu
263 2672 332 2718 nom,
354 2673 387 2707 ex
416 2658 591 2723 Philosophia,
664 2664 694 2709 13
714 2661 790 2709 Dulce
805 2664 829 2709 et
847 2661 955 2710 derorum
973 2666 1008 2710 est
1021 2674 1065 2723 pro
1077 2661 1160 2722 patrio

64 2729 173 2779 assuetis
185 2743 275 2793 porum
286 2740 330 2781 unt
341 2733 404 2782 nihil
421 2749 553 2784 moremur
561 2742 590 2784 et
629 2735 702 2800 mori]
721 2736 814 2784 Mortis
827 2750 948 2798 purorum
960 2742 987 2785 et
996 2744 1092 2785 metum
1104 2734 1159 2783 udi-

64 2804 197 2856 afficimur.
631 2825 700 2860 mere
711 2811 789 2859 etium
799 2810 969 2860 Poie'tueoleru
980 2810 1159 2873 oouutnr‚glo·

95 2881 200 2929 nillum
218 2897 249 2931 eo
270 2883 382 2932 moeuiiue
407 2886 514 2945 hodiem
537 2884 591 2949 do]
632 2887 694 2936 riom
717 2894 815 2936 eertum
841 2888 983 2950 generosis,
1000 2886 1159 2936 meticulosis

63 2957 175 3020 Egregie
185 2965 312 3008 tractetur
323 2973 371 3024 per
389 2963 592 3024 prosopopoeiam
632 2970 718 3009 eutem
738 2961 917 3009 nihilosecius
937 2961 1033 3008 instare
1052 2959 1159 3007 exitium

63 3033 149 3093 loens;
166 3033 191 3080 in
203 3047 254 3097 qno
270 3034 391 3083 virtutem
403 3035 542 3084 Romanum
553 3034 592 3085 fu·
632 3050 792 3085 assererent.
804 3033 1062 3083 meoniorum.
1085 3033 1092 3058 ‘
1106 3032 1159 3081 Pro

63 3108 99 3156 cit
107 3108 264 3172 exhibetque
270 3110 338 3160 hosti
347 3110 532 3170 admirabilem,
541 3125 592 3173 quo
632 3112 717 3172 petrin
729 3110 784 3173 quis
795 3107 876 3156 bonos
884 3106 986 3154 dubitet
998 3112 1105 3155 mortem
1115 3121 1161 3172 op·

64 3196 121 3230 eum
147 3185 268 3236 Romanii
289 3187 431 3249 juvenibus
457 3185 591 3235 amabilem
634 3193 733 3248 petere,
745 3185 767 3234 si
786 3182 809 3231 ei
822 3183 856 3230 sit
867 3178 1049 3245 profuturnri’
1067 3180 1099 3228 ud
1112 3180 1160 3230 At·

65 3257 167 3309 reddnt.
191 3262 253 3309 Tum
268 3277 339 3322 uter,
357 3262 451 3329 inquit,
469 3263 537 3311 inter
553 3261 592 3311 di·
633 3261 677 3308 tie.
696 3273 759 3307 rur.
777 3262 801 3307 2.
825 3256 900 3305 ‘Pro
915 3256 999 3319 petrin
1016 3256 1080 3305 niori
1094 3271 1161 3319 prte-

64 3330 209 3382 mieundum
222 3345 355 3398 apparent,
373 3347 401 3387 ut
413 3352 471 3387 enm
489 3337 515 3386 in
534 3337 593 3387 ueie
633 3335 731 3384 clarum
746 3334 803 3383 est'
827 3333 911 3384 Quum
924 3332 1079 3381 sententiam
1096 3332 1162 3394 'syr-

64 3411 594 3477 decertantememortuaspiciens'ryrm·
635 3418 710 3474 tens,
722 3412 806 3461 Corin.
823 3411 856 3474 de
866 3411 970 3459 Virtute
988 3410 1096 3470 llellicu,
1111 3424 1161 3458 uon

65 3486 91 3533 ni
113 3493 202 3535 contro
221 3489 363 3550 pugnantis
386 3503 451 3536 trxor
471 3496 516 3536 unt
533 3488 595 3549 filiu,
634 3502 685 3536 nno
705 3489 762 3536 loco
786 3486 908 3536 ventilet:
937 3487 1090 3536 occumbere
1114 3500 1161 3550 pro

65 3575 122 3609 corn
139 3562 238 3625 gemitu
254 3562 343 3612 rtatim
364 3563 508 3611 exclamet:
534 3563 594 3612 ileu
635 3564 718 3626 petrin
726 3563 850 3624 pulchrum
860 3568 904 3623 ert,
916 3563 1007 3626 inquit,
1020 3560 1093 3610 καλόν
1103 3561 1162 3608 ἔστι·

65 3636 98 3683 de
108 3638 162 3685 viro
171 3652 239 3700 meo,
248 3637 289 3686 vel
300 3653 397 3701 sponso
405 3638 593 3688 conclamatum
632 3639 766 3686 honorabile
784 3644 808 3686 et
825 3640 982 3701 splendidum,
993 3637 1075 3699 rioilo
1083 3655 1111 3685 re
1122 3635 1160 3684 uel

66 3721 117 3768 est.
127 3713 148 3761 si
160 3714 185 3762 in
204 3716 283 3764 telem
299 3715 397 3764 ineidat
408 3714 593 3763 adverterinm.
633 3713 735 3776 dynato,
747 3732 769 3762 κ.
779 3732 802 3763 τ.
813 3721 839 3761 λ.

67 3786 118 3835 llio
128 3788 195 3837 enirn
206 3789 233 3837 iu
244 3790 340 3853 praeliis
353 3789 532 3848 exercitatum
551 3789 595 3837 ille
668 3795 698 3839 lt
715 3790 783 3838 Mors
798 3795 822 3838 et
831 3788 946 3849 fugarem
961 3783 1108 3847 persequitur
1125 3783 1161 3829 oi·

66 3863 74 3888 ⁸
88 3861 160 3908 rudis
177 3863 325 3924 agminum?
342 3866 443 3914 scilieet
465 3865 595 3913 iustrueu·
633 3865 698 3927 rom]
711 3865 762 3913 Per
773 3862 904 3926 prolepsin
917 3858 992 3906 diluit
1003 3854 1072 3918 quod
1084 3854 1162 3917 objici

66 3937 157 3984 dorum
186 3950 216 3984 no
240 3938 426 3989 docendorum.
464 3941 594 3989 Romanus
635 3947 737 4003 posset:
756 3930 1162 3991 sutinsesseingnsolnticonrn·

66 4013 116 4061 iste
128 4013 200 4076 qnasi
214 4013 253 4059 leo
263 4010 336 4062 ferox
344 4021 371 4063 et
380 4029 464 4064 surus
472 4015 593 4078 quiequid
634 4018 696 4074 lere,
709 4028 783 4075 qnam
796 4025 824 4060 ue
836 4005 949 4072 praedam
969 4003 1075 4053 instanti
1087 4008 1163 4055 morti

81 4087 183 4149 bjieitur
204 4087 296 4151 dejicit
316 4097 343 4138 et
365 4098 464 4138 restat:
486 4104 594 4152 sponsus
634 4090 739 4138 dedere.
767 4085 847 4150 Atqui
859 4080 994 4142 inglorium
1006 4081 1073 4130 velle
1083 4084 1162 4132 ritem
