2408 4200
54 245 120 311 364
500 258 697 310 axonnsns

55 400 208 450 desiderium
221 400 331 450 absentis
343 399 411 449 ferre
423 413 473 449 non
485 408 583 463 posset,
598 414 699 463 semper
715 395 816 448 domum
828 399 960 450 reductam
972 413 1035 450 esse·
1066 401 1144 452 Unde

57 458 228 530 Macenitem
237 482 273 530 ait
283 481 382 529 Seneca
392 481 425 529 de
436 480 541 530 Provid.
556 495 580 530 c.
592 495 635 530 ιιι.
657 481 665 509 ⁸
678 479 815 529 Amoribns
828 480 930 529 anxinns
942 495 1046 530 morosas
1057 481 1145 530 naoris

56 559 204 624 quotidiana
223 560 330 624 repudia
347 558 502 618 deflevisse:
520 567 576 611 tan
591 560 676 623 Fpiet.
692 571 767 610 cxiv.
782 558 894 608 ‘biiiiies
909 574 1014 609 uxorem
1031 560 1145 618 duxisse,

56 654 132 703 quem
148 654 223 689 nnam
243 639 378 689 babuerit!
410 641 470 691 Qua
490 653 518 689 re
535 639 655 688 commoti
674 637 723 687 viri
744 635 815 686 docti
834 650 934 688 sumere
950 645 1086 701 cognatur,
1103 640 1144 688 vei

56 715 208 782 desponsam
219 733 275 768 eam
286 719 426 769 Maecenati
437 733 468 769 eo
477 726 593 782 tempore
604 717 693 782 fuisse,
704 718 744 766 rei
758 731 842 781 nuper
852 723 968 780 neptem,
978 718 1019 766 rel
1029 726 1090 781 post
1107 717 1145 767 di-

57 799 167 848 vortinm
187 797 327 848 reductam.
360 798 463 863 itaque,
481 813 540 848 cnm
559 799 629 849 soliti
644 805 730 848 essent
746 796 841 861 pnite,
859 811 906 859 pro
922 796 990 847 veris
1002 795 1146 845 nominibus

56 877 119 927 ficte
138 879 229 942 reqnaii
248 878 402 942 syllabarum
420 893 524 927 numero
542 885 570 926 ct
587 878 733 941 quantitate
749 875 913 931 substituere,
925 881 954 923 nt
967 874 1086 925 Lesbiam
1098 889 1146 938 pro

57 957 157 1020 ciodie,
180 956 300 1005 Petiliam
318 971 364 1020 pro
381 956 499 1012 Metelle,
513 956 650 1018 cynthiam
673 970 721 1019 pro
744 954 853 1014 Hoetie;
873 961 927 1002 tum
950 968 997 1017 pro
1016 955 1145 1004 'i'erentioe

58 1036 160 1085 nomine
181 1036 213 1084 ab
233 1036 343 1085 Horatio
363 1035 518 1098 Licymnius
535 1036 645 1099 positoris
661 1049 727 1096 esee,
743 1048 801 1085 cnm
819 1033 868 1083 boc
886 1034 995 1083 Carmen
1013 1034 1040 1083 in
1056 1035 1147 1099 valgos

57 1114 155 1164 ederet.

91 1192 263 1258 Argnsnente,
273 1193 364 1257 quibus
375 1194 431 1244 baec
440 1193 526 1258 opinio
537 1192 681 1244 confirmeri
692 1195 782 1249 soleat,
794 1193 850 1242 bec
862 1190 916 1241 iere
929 1199 994 1241 sunt.
1023 1191 1149 1254 Primum,

59 1271 127 1335 qnod
140 1287 176 1322 vs.
188 1276 228 1321 lb.
240 1272 342 1321 dicetur
352 1273 360 1300 ‘
369 1271 497 1333 domine3’
513 1272 558 1323 ssd
571 1272 603 1322 ed
615 1272 642 1322 id
653 1285 703 1321 non
715 1286 780 1336 opns
790 1278 830 1321 est
841 1271 1005 1335 respondere.
1034 1269 1148 1338 Deinde,

60 1350 129 1415 quod
140 1365 227 1400 verens
239 1355 343 1401 lr—ao.
355 1367 404 1401 non
416 1352 508 1403 cedere
518 1353 619 1418 possint
630 1352 655 1404 in
666 1351 812 1402 libertinam
819 1350 913 1415 (qualis
923 1360 1007 1401 temen
1016 1349 1096 1399 fuerit
1104 1348 1148 1400 Li·

60 1431 161 1494 cyrnnia
173 1445 278 1480 necesse
288 1433 330 1487 sit,
339 1433 360 1480 si
372 1446 419 1495 pro
429 1431 532 1482 Horatii
543 1432 625 1483 amice
635 1430 790 1495 habeatnr);
806 1445 865 1480 nem
879 1431 905 1479 in
916 1431 993 1480 sacris
1005 1428 1151 1478 solennibus

61 1524 111 1557 non
121 1511 167 1557 nisi
181 1510 301 1571 ingenuae
312 1510 422 1570 virginee
433 1515 461 1556 et
472 1516 601 1558 matrones
612 1511 733 1559 saltasset
752 1525 826 1573 quem
839 1510 863 1557 in
876 1508 951 1558 finem
963 1509 1048 1558 Benti.
1060 1506 1150 1556 iaudat

61 1587 155 1635 Horat.
178 1586 210 1634 Α.
230 1587 262 1633 Ρ.
277 1589 332 1634 2³2.
353 1599 393 1633 ιν.
406 1584 458 1632 Od.
470 1589 495 1633 b.
505 1589 546 1634 bl.
580 1586 694 1634 Omnino
705 1601 737 1634 cx
750 1587 788 1634 bis
799 1601 976 1648 agnoscemus,
990 1587 1056 1651 quod
1072 1585 1150 1635 facile

61 1678 108 1727 por
127 1677 154 1712 se
171 1661 360 1724 intelligimus
377 1660 579 1724 religiosioribus
592 1674 622 1711 ac
634 1662 821 1711 solennioribus
838 1664 1026 1726 saltationibus,
1041 1667 1066 1714 in
1078 1663 1151 1714 Urbe

60 1741 187 1805 inprimis,
197 1740 314 1790 excissae
324 1738 404 1788 inisse
418 1738 569 1801 libertinae
585 1739 632 1789 sed
644 1739 706 1804 qnid
722 1739 826 1789 tandein
837 1749 914 1802 coget
930 1756 975 1791 noe
992 1743 1109 1802 credere,
1120 1743 1154 1792 iis

61 1821 130 1872 omni
140 1820 243 1871 omnino
253 1818 321 1869 festa
330 1819 415 1868 talium
427 1817 525 1870 dierum
535 1818 636 1882 letitie,
646 1819 724 1870 etism
736 1819 820 1869 minus
830 1832 913 1883 sacre,
924 1834 982 1881 qnae
994 1829 1021 1869 ct
1031 1821 1057 1869 in
1068 1821 1151 1882 Urbe,

61 1909 89 1950 et
102 1901 162 1962 ruri,
174 1915 204 1949 sc
220 1899 246 1947 in
256 1896 402 1948 nemoribus
412 1903 540 1961 ageretur,
551 1899 691 1948 cerandum
702 1896 798 1948 faisse?
822 1899 880 1950 Hoc
890 1900 963 1949 nobie
973 1914 1048 1949 nemo
1060 1899 1152 1950 obtru-

62 1980 115 2030 det.
149 1978 270 2040 Accedit,
279 1977 347 2041 qnod
358 1992 390 2026 ex
402 1977 513 2042 Augusti
522 1977 629 2028 historie
640 1985 753 2041 constet,
762 1978 868 2029 libertos
877 1980 971 2030 muitoe
982 1995 1071 2045 megna
1082 1980 1153 2043 apud

62 2060 132 2107 ilium
144 2058 227 2122 gratis
239 2058 360 2120 vetuisse,
371 2064 448 2122 atque
465 2057 530 2110 adeo
550 2059 739 2124 provinciarum
753 2066 934 2122 procuratores
946 2060 978 2108 ab
990 2074 1021 2108 eo
1032 2075 1088 2108 esse
1099 2058 1154 2110 fee-

63 2146 111 2187 tos.
144 2139 212 2186 Talis
223 2137 330 2188 bominis
345 2136 424 2187 filiam
436 2145 481 2189 snt
491 2153 604 2191 sororem
615 2140 672 2204 quis
684 2153 761 2188 essens
772 2136 852 2189 tuem
863 2138 895 2188 ab
906 2138 1032 2202 ejusmodi
1043 2140 1155 2190 solanni-

62 2215 110 2266 bns
130 2217 280 2267 removero?
313 2216 432 2284 Denique
449 2224 543 2283 urgent
559 2218 674 2282 inprimis
688 2218 746 2278 boc,
760 2216 828 2282 qnod
842 2230 858 2266 e
872 2232 909 2267 rs.
921 2221 962 2269 ti.
974 2227 1064 2282 aperte
1076 2219 1155 2283 ipsine

62 2296 217 2347 Mecenetis
227 2297 309 2346 amice
319 2297 486 2360 intelligenda
497 2297 538 2348 sit.
570 2297 622 2349 scd
633 2297 691 2347 nolo
703 2303 821 2361 repetere
825 2298 880 2362 jam
889 2298 961 2348 dicte
972 2301 999 2349 in
1010 2299 1090 2349 Obss.

95 2377 192 2427 Verum
206 2377 283 2426 etiam
295 2377 430 2428 ostendere
444 2377 601 2440 volebamus,
614 2393 689 2442 quem
702 2391 791 2441 parum
807 2377 857 2427 sibi
869 2387 987 2428 constare
998 2387 1085 2440 posset
1098 2379 1155 2427 nni·

65 2472 138 2506 verse
154 2457 296 2520 descriptio
310 2456 444 2518 Carminis,
460 2457 481 2504 si
500 2456 533 2506 de
550 2458 674 2506 Terentia
694 2457 865 2519 acciperetur.
896 2457 973 2507 ‘Non
994 2472 1094 2521 possum
1111 2472 1154 2506 res

64 2538 181 2586 heroicas
192 2545 219 2584 et
228 2536 337 2597 grandes
349 2549 452 2585 canere.
478 2537 605 2586 Victoriss
616 2536 725 2600 sagum
738 2537 795 2598 tibi,
806 2537 946 2598 Maecenas,
958 2538 1075 2600 relinquo
1086 2537 1156 2586 celc-

64 2616 184 2663 brsndas.
219 2616 275 2678 Ego
294 2621 394 2663 tantum
413 2616 545 2665 ceiebrsre
562 2632 663 2680 possum
682 2630 787 2667 uxorem
804 2631 824 2664 s.
840 2618 947 2666 emicans
964 2616 1053 2666 tneor!
1086 2617 1158 2667 Quid

64 2694 146 2742 minus
162 2700 250 2755 aptum
263 2692 371 2762 cogitari
389 2694 470 2756 possit
482 2697 527 2746 taii
543 2710 662 2748 sensnum
675 2698 761 2748 nexu?
784 2698 819 2746 Et
830 2711 916 2746 nonne
927 2695 1063 2759 profitetur
1074 2695 1158 2745 Hore-

65 2773 116 2820 tius
128 2772 245 2820 universa
258 2771 384 2820 Carminis
395 2776 572 2838 conversione,
584 2791 611 2826 se
621 2791 708 2827 amere
720 2777 893 2840 Licynsniam?
920 2777 1011 2826 Nonne
1024 2775 1050 2824 id
1061 2776 1157 2824 docent

66 2851 148 2899 teneri
159 2865 189 2898 ac
201 2851 289 2899 molies
301 2850 379 2915 modi,
391 2853 482 2915 quibus
495 2868 551 2903 eam
562 2856 658 2905 cecinit
668 2857 677 2904 i
710 2857 834 2907 Quietem
844 2863 935 2904 acutus
945 2863 994 2918 est,
1005 2856 1048 2918 qrsi
1060 2859 1157 2903 emato-

65 2943 118 2979 rem
137 2944 152 2978 e
169 2929 253 2978 Poeta
272 2929 419 2980 discerncre
438 2934 534 2993 possiti
567 2933 699 2996 Proiecto,
716 2935 737 2983 si
749 2933 810 2998 qnid
821 2949 868 2996 ego
879 2934 964 2996 rideo,
974 2935 1058 2984 Poeta
1068 2947 1159 2997 perum

64 3010 177 3074 prudens
195 3015 251 3058 emt
268 3025 407 3075 parumque
425 3011 548 3075 urbanus,
565 3014 609 3078 qni
626 3014 659 3062 ad
678 3013 859 3074 Maecenatem,
876 3028 962 3062 amore
974 3013 1100 3062 Terentio
1113 3009 1160 3059 iis·

66 3099 192 3152 grauiam,
202 3090 249 3140 hoc
260 3089 334 3141 modo
346 3092 481 3142 scriberet.
517 3094 634 3156 Denique
646 3092 708 3141 iliud
717 3090 839 3141 festivum
851 3105 931 3153 prope
942 3090 975 3139 sit
987 3100 1013 3138 et
1024 3087 1157 3137 subridere

67 3184 113 3216 nos
131 3180 217 3231 cogat,
236 3171 303 3234 qnod
318 3171 351 3232 (si
367 3186 504 3236 sequamur
517 3174 585 3222 itiam
603 3172 761 3235 opinionem)
776 3171 900 3220 Horatius
917 3183 957 3218 res
969 3183 1081 3231 magnas,
1093 3183 1157 3232 qnae

67 3247 149 3306 ipsum
162 3261 255 3295 cancre
275 3257 346 3297 vetet
361 3251 489 3301 Terentiae
506 3251 680 3317 pulchritudo,
695 3265 738 3300 eas
753 3252 923 3301 bieconatern
935 3257 1075 3304 amatorem
1092 3249 1160 3299 ceie-

67 3326 142 3374 brere
153 3326 250 3391 jubeat,
263 3341 297 3376 rs.
310 3332 331 3377 9.
