2408 4200
606 308 774 358 HORATll.

137 450 241 518 ruodo
254 449 480 534 Tanaquillns
502 448 614 513 Faber
636 456 672 514 et
696 451 861 517 Dacerins
877 467 902 517 ι.
917 454 981 519 od.
997 456 1049 521 14.
1064 465 1202 529 traxeri.

139 558 174 619 in
190 540 399 636 Argumenta
415 551 506 615 illins
521 549 719 615 videbimus.

185 653 384 721 offendebat
399 651 564 716 Horatius
577 652 683 716 redux
696 660 828 734 patrem
847 674 884 719 se
907 657 1045 725 absente
1060 669 1204 729 mortun

141 775 248 840 neque
274 755 429 819 relictum
461 751 528 816 sibi
556 753 702 817 babebat
729 753 845 832 larem,
872 774 935 820 nec
964 757 1123 843 fundum3
1161 786 1195 849 q.

141 858 193 922 illi
205 855 382 921 cottistior
398 872 471 917 sors
493 853 593 917 suerit
614 859 754 938 oportet,
774 874 850 919 curn
873 859 1049 923 commoda
1070 868 1105 925 at
1126 866 1198 946 sple

143 958 221 1022 dida
234 957 322 1022 adeo
340 955 461 1019 fuisset
483 955 552 1020 vita
567 955 728 1036 superior.
766 955 885 1038 Itaque
909 967 1090 1040 paupertas
1113 983 1196 1029 aco

142 1059 297 1134 scuritas,
323 1056 359 1119 in
387 1074 548 1138 generoso
577 1056 688 1120 animo
713 1055 836 1137 ingenii
865 1058 1047 1140 artiumque
1078 1067 1185 1129 nutri

143 1178 219 1222 eum
233 1158 373 1241 primurn
387 1157 603 1240 impulerunt,
618 1164 656 1220 nt
668 1175 783 1220 versus
793 1156 919 1221 faceret
930 1155 990 1242 (rr.
1006 1159 1111 1243 Epist.
1122 1164 1173 1230 ll.

144 1255 255 1340 sqq.);
276 1275 354 1334 non,
366 1275 433 1339 qno
448 1255 527 1320 inde
542 1274 665 1337 panern
686 1262 856 1337 quaereret,
873 1256 934 1320 sed
951 1279 1020 1342 quo
1034 1260 1186 1330 clucesce

143 1378 186 1422 ac
199 1358 264 1421 sibi
277 1361 485 1440 compararat
498 1361 673 1439 patronos.
718 1352 838 1437 Neque
853 1356 965 1434 video,
985 1362 1155 1441 quomodo
1174 1366 1196 1428 b

143 1460 191 1524 illi
205 1458 371 1540 opprobio
384 1457 438 1532 sit,
452 1475 529 1522 curn
544 1461 688 1531 constet,
704 1455 795 1519 orani
818 1460 977 1523 memoria
991 1460 1026 1522 in
1048 1461 1123 1525 aliis
1138 1465 1195 1528 eti

144 1560 319 1641 generibus
334 1576 436 1621 sensu
450 1557 661 1640 paupertatis
682 1574 821 1636 magnos
840 1557 931 1621 viros
951 1560 1123 1641 evasisse3
1144 1583 1191 1626 m:

144 1677 254 1740 nuque
276 1658 418 1740 ingenia,
448 1658 527 1722 dnm
547 1656 701 1722 adversis
722 1657 824 1720 rebus
846 1658 1046 1736 obnituntur,
1069 1661 1133 1727 boc
1160 1665 1204 1746 ip

143 1761 218 1823 nisn
233 1760 266 1823 in
278 1759 381 1823 altum
396 1758 523 1823 extolli.
560 1757 682 1823 Fuerat
694 1751 727 1822 i'n
743 1757 887 1823 Horatio
902 1780 1055 1842 magnum
1068 1763 1201 1844 ingenio

142 1861 323 1942 poeticum,
338 1862 515 1924 subactum
526 1857 721 1924 Groecornrn
735 1859 979 1938 familiaritate;
1002 1861 1066 1925 boo
1081 1864 1197 1929 suscit

143 1962 287 2044 primum
299 1960 358 2024 tali
374 1960 517 2042 impulsu
538 1959 723 2042 oportebat.
768 1957 852 2020 Post
873 1968 997 2034 autem,
1013 1979 1089 2024 curn
1111 1962 1144 2025 in
1167 1969 1202 2027 ot

143 2062 287 2123 honeste
307 2062 469 2142 beateque
490 2059 626 2136 viveret,
647 2058 753 2122 solius
781 2058 835 2120 vel
858 2059 961 2122 animi
982 2064 1015 2123 et
1036 2062 1160 2141 gloriae,
1182 2082 1202 2125 u

145 2159 275 2243 publici
307 2175 391 2221 usus
428 2156 536 2239 gratia
566 2157 712 2220 earmina
744 2156 834 2220 fecit.
890 2157 980 2222 Vitae
1010 2167 1197 2224 sustentas·

147 2279 251 2324 causa
277 2255 437 2340 scriptum
464 2256 554 2320 illurn
581 2255 627 2340 (s.
656 2258 754 2340 qnasi
783 2257 982 2340 scribarum)
1012 2261 1204 2341 qnaestoriu

145 2379 245 2445 quern
268 2357 447 2424 Suetonius
467 2358 560 2437 dicit,
584 2359 649 2423 sibi
671 2362 885 2441 comparasse
907 2359 1060 2439 videtum
1088 2367 1125 2424 nt
1149 2380 1204 2425 ess

145 2463 179 2525 in
200 2461 334 2528 decuria
355 2451 560 2537 scribarum,
582 2460 641 2543 qui
656 2458 830 2537 Quaesrorr
851 2467 1057 2543 apparerent.
1102 2460 1197 2526 Sed:

148 2764 233 2828 nulli
247 2765 452 2849 superiorum
466 2780 628 2826 annorum
644 2761 880 2843 assignandum
894 2781 968 2825 esse
981 2764 1085 2827 ullum
1104 2783 1204 2828 carm

150 2862 295 2929 Horatii.
337 2863 428 2928 Huic
443 2870 556 2927 autem
571 2882 660 2927 anno
683 2862 864 2928 Massones
884 2863 1026 2944 eleganti
1042 2866 1204 2981 suspicio

148 3165 260 3229 baberi
276 3168 399 3250 possit,
414 3184 514 3247 quern
529 3164 662 3246 quidem
679 3160 815 3243 dignum
827 3161 941 3222 lectu
932 3179 1006 3240 rpse
1019 3162 1180 3226 habuerit.

192 3265 309 3350 Neque
322 3267 358 3328 in
374 3263 510 3344 Virgilii
524 3270 559 3324 et
572 3261 670 3324 Varii
692 3259 875 3323 amicitiam
897 3263 975 3320 aute
989 3257 1074 3321 hunc
1087 3278 1116 3321 a.
1131 3278 1192 3323 ven

148 3368 276 3450 potuit3
297 3383 408 3448 neque
420 3363 512 3427 ¹forte
532 3360 597 3424 boc
616 3359 693 3441 ipso
716 3358 815 3422 venit
854 3357 936 3421 ltcrn
960 3357 1046 3421 male
1065 3359 1204 3422 huores:

152 3483 180 3528 1.
197 3463 262 3526 Ob.
282 3467 316 3528 2.
351 3463 547 3542 Rodellins;
569 3480 646 3525 curn
669 3460 821 3524 arbitrari
846 3461 903 3522 vix
928 3460 1112 3542 possimus,
1130 3458 1189 3522 Ho
