2408 4200
288 291 291 298 ι
373 228 577 315 cueuruuu
605 264 679 314 nvn.
703 264 753 314 ιν.
775 249 809 314 6.
1080 251 1145 316 583

82 407 208 458 eoncitat.
241 407 334 457 Altera
343 411 420 470 parte
431 406 598 470 peculiariter
610 419 702 468 pueror
714 403 745 457 ac
757 406 853 469 puellae
864 402 983 458 hortatur
993 407 1025 457 ad
1037 406 1144 472 diligen·

83 495 135 537 tem
147 487 224 537 Cbori
236 487 304 535 illine
316 485 453 536 Saecularis
470 484 675 547 meditationem,
686 484 704 534 l.
715 499 738 535 e.
749 486 973 537 exercitationem.
1007 485 1143 537 Hactenus

82 580 153 630 ergo,
166 568 297 617 Seculare
313 567 424 616 Carmen
437 579 540 626 vocare,
551 566 573 616 ri
585 566 626 615 eni
642 566 739 629 lubeat,
757 571 856 631 potent.
888 566 940 616 Sed
957 567 983 615 in
1003 566 1061 629 ipra
1072 567 1144 616 ceri-

81 647 177 709 monia,
188 653 217 695 et
234 646 379 695 solennibus
398 641 557 708 temporibui
575 658 607 694 ac
623 644 698 707 locis,
710 648 851 706 cantatum,
863 645 924 694 mibi
941 645 1012 696 nullo
1026 643 1145 695 moderic

83 724 225 788 probabile.
239 723 326 786 Genu.)
360 724 477 788 (Summa
488 723 615 773 carmini·
624 730 665 773 eet
676 723 747 772 nee:
765 723 876 785 Poene,
886 724 930 788 qul
941 723 1038 773 Niobea
1049 724 1146 787 magni-

56 796 60 812 '
82 803 240 867 loquentiam
253 811 280 852 et
292 802 456 853 libidinosum
472 802 542 864 'l'ltyi
554 808 674 851 conatum
692 815 720 851 er
736 803 815 864 nitur,
827 809 905 868 atque
915 801 1042 853 Achillem
1060 802 1145 853 fortir·

82 884 184 940 eimnm,
195 883 239 946 qui
249 896 297 931 nou
307 882 375 943 dolo,
387 882 433 931 aed
447 882 471 929 vi
483 889 510 932 et
523 881 608 931 Marte
620 888 711 946 aperto
721 873 825 945 'frojam
841 884 1031 947 Trojanamque
1040 891 1145 945 gentem

83 962 185 1025 penitua
197 961 346 1024 delevisset,
356 964 405 1011 nisi
417 963 468 1011 tuia
480 963 640 1027 Venerieqne
653 963 774 1026 precibus
785 970 924 1013 commotus
936 963 1041 1025 Jupiter
1052 975 1145 1024 peper-

83 1041 161 1090 cireet
178 1041 267 1091 AEneae
289 1041 320 1088 ad
341 1041 430 1090 urbem
451 1041 582 1091 meliorem
603 1043 790 1107 imperiumque
808 1043 953 1093 Romanum
976 1039 1146 1103 condendum,

81 1119 185 1170 fortiter
202 1121 373 1184 prostravisti,
386 1127 412 1170 tu
431 1121 537 1183 Pirene,
548 1122 660 1184 inquam,
672 1130 761 1172 auctor
771 1129 798 1171 et
810 1137 905 1187 preren
922 1122 1048 1173 Carminis
1061 1121 1145 1182 lyrici,

83 1199 176 1264 adjuva
188 1214 238 1258 me,
256 1209 284 1248 nt
296 1201 405 1249 Carmen
424 1201 544 1250 Latinum
561 1201 691 1251 Seculare
708 1217 755 1265 pro
770 1204 853 1253 salute
865 1210 893 1252 et
906 1201 1083 1267 perpetuitate
1101 1200 1146 1248 im·

82 1279 149 1343 perii
159 1280 267 1328 Romani
280 1279 385 1330 fundam
397 1280 500 1331 decore.
528 1282 587 1333 Jam
597 1297 668 1344 vero,
679 1283 727 1331 hac
738 1282 799 1331 milri
811 1282 934 1332 facultate
949 1280 1073 1331 anoebo
1085 1293 1146 1328 con·

80 1374 160 1423 cerea,
174 1375 225 1416 roe,
238 1361 342 1423 patrimi
360 1361 522 1424 matrimiqne
542 1361 613 1423 pueri
633 1362 786 1426 puellaeque,
797 1361 840 1424 qui
859 1362 921 1410 ertia
939 1361 964 1408 in
984 1359 1065 1408 tutela
1082 1359 1145 1407 Dia-

81 1453 132 1499 ne,
144 1447 247 1487 servate
260 1440 404 1503 rhythmum
422 1454 590 1504 numerosque
608 1440 733 1489 Carminir
750 1440 811 1503 mei,
823 1449 850 1489 et
861 1441 926 1488 adeo
939 1440 989 1488 rite
1001 1447 1027 1487 et
1045 1452 1078 1486 ex
1089 1446 1145 1486 arta

82 1519 168 1565 canite
186 1517 276 1566 lauder
288 1517 416 1580 Apollinis
427 1526 455 1569 et
466 1520 559 1568 Diana·
571 1504 659 1583 irriger
680 1520 856 1581 proaperantia
868 1527 896 1567 et
907 1532 1006 1567 menaea
1025 1517 1146 1566 celeriter

81 1597 219 1646 decurrere
231 1597 363 1658 facientia,
380 1600 416 1648 ita
428 1608 466 1662 ut,
484 1599 504 1647 ai
524 1614 574 1663 qua
585 1606 710 1659 teatrum,
727 1599 830 1663 puella,
848 1597 986 1662 aliquando
998 1604 1079 1659 nupta
1091 1593 1145 1643 sue·

82 1675 125 1735 rit,
135 1675 223 1724 dicere
239 1676 331 1739 poenit,
344 1692 392 1740 ego
410 1678 578 1728 Horatianunv
591 1679 701 1728 Carmen
715 1679 771 1729 Diia
788 1686 888 1742 gratum
907 1678 997 1727 diebua
1009 1676 1145 1726 Saeculari-

81 1753 127 1803 bua
138 1754 212 1805 sertia
224 1757 317 1806 cecini.
329 1757 418 1821 Zeuu)

219 1872 330 1946 Drvn,
344 1890 444 1951 quem
462 1870 574 1950 proles
591 1869 725 1930 Niobea
739 1886 868 1947 maguae

218 1970 398 2033 Vindicem
415 1968 551 2044 lingum,
566 1964 755 2047 Tityosque
769 1973 882 2047 raptor

82 2117 105 2162 0
117 2115 192 2175 Deur,
209 2126 274 2173 quem
291 2110 385 2172 eapevbi
405 2110 517 2159 remoue
535 2091 634 2158 ultorem
652 2111 745 2173 experti
767 2117 821 2159 runt
837 2111 890 2175 filii
902 2111 998 2172 Niober,
1012 2127 1039 2160 oc
1059 2111 1143 2175 tuem

504 2235 637 2255 roncone
641 2236 684 2255 ue

81 2318 157 2368 Hanc
167 2319 244 2369 Oden
255 2319 379 2369 Carminis
389 2318 526 2368 Saecularis
540 2326 640 2382 partem
651 2317 813 2367 constituunt
822 2315 918 2366 Sanud.
927 2317 1017 2367 Jonee.
1029 2317 1143 2378 Francia,

49 2384 162 2445 Tovrem,
178 2392 206 2432 et
224 2383 348 2433 necuere.
382 2384 442 2432 vid.
462 2382 551 2445 Argia.
572 2384 604 2432 ad
624 2383 710 2432 Carm.
727 2383 794 2430 Saec.
829 2380 979 2444 Epigraplre
995 2381 1021 2428 in
1034 2382 1142 2430 Venett.

48 2447 157 2495 becher.
170 2455 196 2496 et
208 2448 317 2498 Arcens.
343 2449 381 2497 De
393 2448 513 2497 Laudibus
524 2448 697 2511 Apollinum-1
717 2446 791 2507 Dice,
810 2461 878 2508 quom
897 2446 958 2496 Vel.
973 2443 1063 2493 Comb.
1083 2445 1144 2493 Nio-

49 2510 106 2565 boeu,
120 2512 227 2570 Niobea,
240 2513 300 2561 edd.
313 2520 376 2561 vett.
404 2513 496 2562 Nioben
516 2513 602 2561 Bentl.
620 2511 731 2572 Cuning.
751 2510 819 2573 Jani,
836 2509 944 2570 Bipont.
956 2507 1144 2556 mittentiu-

52 2575 99 2622 zel.
119 2582 146 2623 et
165 2576 244 2625 Kidtl.
261 2576 308 2625 Gr.
325 2583 365 2625 eat
376 2577 530 2634 Nuntium-2
550 2577 643 2638 Tutius,
656 2575 747 2638 Tutior,
762 2575 845 2636 Tition,
858 2573 947 2635 liciae,
959 2574 1088 2622 varianter
1099 2586 1143 2635 cp.

543 2687 650 2737 NOTAE

80 2780 193 2828 Metrum
205 2779 273 2829 idem
285 2780 353 2844 quod
364 2794 383 2830 1.
395 2781 446 2830 Oti.
457 2787 481 2830 2.
614 2781 734 2831 liliorum.
767 2785 834 2832 Nam
850 2784 979 2832 Homerus
991 2798 1084 2846 pueroa
1097 2797 1143 2845 pu·

82 2861 93 2903 l
113 2854 187 2914 Dr'oe,
205 2856 257 2918 lfa]
274 2856 382 2904 Carmen
398 2856 454 2916 hoe,
473 2863 502 2903 ut
517 2863 543 2903 et
555 2868 574 2903 1.
614 2860 728 2922 eliaeque
748 2860 803 2922 ejus
823 2860 863 2908 bie
879 2875 953 2910 aenos
970 2860 1033 2909 dicit
1051 2859 1141 2918 fuiaee,

48 2932 152 2982 ouer.
186 2931 314 2979 Seculare
329 2930 434 2979 inscribi
452 2931 526 2990 uolet,
546 2937 574 2978 ut
614 2934 751 2996 Euripiden
769 2934 808 2982 bie
825 2942 957 2996 septenne,
973 2936 1077 2997 Sappho
1103 2936 1142 2984 bia

48 3005 171 3055 annotavi
201 3004 316 3054 ibidem:
343 3011 461 3053 neutrum
490 3013 574 3053 tarnen
613 3009 913 3072 novenoa,Beccbylidea
925 3017 952 3058 et
964 3009 1090 3057 Pindarus
1103 3010 1144 3056 bia

49 3085 152 3147 proprie
174 3086 276 3134 titulum
299 3086 368 3134 hune
389 3093 511 3146 meretur,
528 3085 573 3133 ied
614 3084 712 3132 deuon:
733 3084 837 3147 quidam
860 3083 902 3131 alii
922 3083 1071 3146 scriptores,
1088 3091 1142 3132 tres

48 3159 110 3207 illud
124 3167 221 3208 tautum
233 3160 299 3224 quod
313 3160 421 3210 babetur
434 3168 492 3224 poet
506 3163 574 3224 Epo·
614 3159 693 3208 suieee
713 3161 780 3208 roloa
803 3157 945 3208 dixerunt!
979 3159 1060 3208 Porro
1077 3158 1142 3209 filine

52 3234 106 3282 eloe.
142 3234 207 3282 Vide
218 3235 252 3283 ibi
262 3245 395 3285 annotata.
615 3235 708 3284 Niobae
720 3249 808 3284 omnen
821 3233 924 3295 Apollo,
934 3233 999 3283 filiae
1012 3234 1095 3283 Diana
1103 3251 1143 3284 aa·

83 3311 158 3365 Quen
177 3312 256 3371 proter
276 3313 378 3366 Nioben,
395 3313 447 3375 isc]
472 3311 575 3374 Apollo,
614 3311 686 3374 gittia
707 3309 820 3359 confixos
843 3315 1028 3371 peremerunt:
1056 3309 1142 3359 Niobe

48 3386 91 3448 qui
103 3385 224 3433 bonorem
237 3386 343 3434 belone
355 3388 445 3434 matria
459 3394 509 3434 tuae
522 3388 575 3435 vin·
615 3386 712 3436 veroin
724 3398 814 3433 eanum
823 3384 1019 3434 muratalertur.
1036 3383 1142 3433 Homer.

48 3461 140 3509 dicanti
150 3461 271 3509 advertus
281 3462 454 3523 arrogantiam
468 3462 576 3523 Niobes,
614 3462 691 3512 Iliad.
714 3462 762 3510 ult.
783 3460 861 3509 Ovid.
883 3461 950 3508 Met.
973 3474 1012 3508 vv.
1036 3461 1097 3509 Feb.
1116 3465 1141 3510 8.

48 3552 105 3600 quae
117 3551 143 3584 ae
156 3552 217 3584 auae
229 3542 268 3584 eet
278 3537 380 3598 jnctare
391 3535 574 3586 foecundiorem
615 3538 724 3587 Diodor.
746 3538 823 3585 Sicul.
843 3551 871 3589 v.
884 3538 924 3584 ll.
952 3537 1072 3588 Juvenal.
1086 3539 1141 3586 Sat.

49 3611 575 3675 aefeliciorempartubuaaceobole,prm
616 3626 653 3661 vr.
681 3615 736 3661 lta.
762 3620 789 3660 et
815 3627 869 3675 aeq.
895 3610 992 3661 Auleon.
1021 3614 1141 3676 Epitaplr.

48 3686 105 3748 ipra
118 3688 216 3735 Latona
227 3687 290 3736 dum
304 3692 402 3735 tantum
421 3688 505 3748 enixa,
518 3702 574 3736 cum
617 3699 711 3736 xxviv.
721 3686 753 3734 de
765 3686 860 3736 Niobe.
878 3695 885 3715 ⁴
897 3688 942 3735 Bia
959 3696 1057 3749 reptem
1075 3689 1141 3735 natis

49 3761 106 3820 ipra
124 3776 282 3810 numerosam
302 3764 485 3826 pulchramque
497 3777 574 3825 genu·
616 3763 726 3826 genitrix
739 3763 1069 3826 levantquesuperbu'rot
1081 3764 1141 3810 dum

49 3835 110 3882 isset
131 3839 237 3894 prolem.
270 3839 338 3886 Geli.
360 3843 449 3888 ΧΗ.
471 3838 575 3899 ‘blira,'
616 3838 973 3900 rnatersuneruquotgenui.
1009 3835 1140 3884 Nectarii

50 3909 195 3971 inquit,‘et
209 3928 287 3974 prope
298 3915 363 3962 adeo
374 3915 574 3964 ridiculadiver·
615 3914 662 3961 lroc
685 3913 778 3971 Divie;
807 3913 872 3958 dtrro
898 3911 1055 3958 circumdata
1078 3925 1140 3958 cano

48 3987 111 4032 ritas
123 3983 216 4031 fabuler
228 3987 296 4046 apud
307 3988 413 4036 Graecos
423 3989 518 4038 Poetae
530 3989 574 4035 de·
616 3986 694 4036 Amisi
706 3987 807 4034 lrumani
824 3983 938 4045 eorporis
951 3982 1079 4044 religieux
1091 3989 1140 4032 dre.

51 4059 218 4124 prehenditur
237 4075 313 4122 euper
332 4076 464 4111 numerum
481 4063 573 4113 Niobae
615 4062 699 4110 Niobe
707 4061 807 4107 Tautal'r
818 4058 878 4117 filia,
893 4072 956 4105 uxor
966 4073 1025 4108 vero
1036 4060 1139 4123 ‚implui-
