2408 4200
393 267 599 317 csnurnun
625 267 696 314 urs.
721 267 744 314 r.
766 251 819 315 85.
1086 242 1152 314 221

183 415 235 478 Te
251 412 364 476 Dacus
381 430 494 493 asper,
511 419 545 474 te
560 410 691 492 profugi
707 408 855 491 Scythae,

184 514 368 596 Urbesque,
383 520 578 594 gentesque,
594 518 629 574 et
644 511 778 574 Latium
794 510 900 586 ferox,
1109 510 1151 573 10

226 614 426 697 Regumque
440 621 563 677 matres
578 612 807 686 barbaromm,
823 619 858 672 et

267 715 431 798 Purpurei
446 721 593 778 metuunt
608 714 748 796 tyranni,

183 816 350 900 Injurioso
365 837 406 880 ne
422 816 506 899 pede
522 834 659 898 promas

182 914 334 980 Stantem
349 917 546 992 columnam,
561 935 626 979 neu
640 912 789 996 populus
804 912 959 995 frequens

55 1107 171 1170 Bithyno.
199 1109 311 1169 Teserox
327 1110 417 1172 Dmus,
433 1115 457 1157 te
471 1115 578 1157 mantes
589 1108 695 1170 Scylla,
711 1109 821 1157 ciuitates
830 1108 910 1166 etiam,
921 1113 944 1156 et
957 1108 1078 1163 nationem
1094 1122 1147 1155 nec-

54 1185 101 1217 aon
111 1171 206 1220 Μίκκα
214 1173 356 1232 dediceram,
364 1179 387 1222 et
398 1178 485 1221 matres
496 1187 579 1232 regam
589 1171 748 1231 barbararum,
758 1176 829 1232 utque
840 1174 935 1234 tyrsum
945 1171 1071 1232 perparuit
1081 1185 1148 1218 sese·

54 1241 146 1283 suatur.
182 1237 221 1284 Ne
227 1239 286 1300 pede
295 1238 366 1286 noxia
373 1237 495 1285 micertm
503 1237 633 1284 colamnam
641 1234 803 1284 mbdstmtem
812 1252 822 1293 ;
834 1251 890 1284 nece
901 1235 965 1298 plata
975 1238 1107 1296 aggregato
1116 1237 1148 1282 nd

515 1372 662 1393 ΜΜΜΜΜΜΜ
665 1373 693 1392 Ν

56 1489 109 1523 var.
121 1476 182 1523 lect·
195 1489 237 1536 ap.
247 1474 402 1524 dones-12
420 1474 501 1522 ‘Post
515 1473 611 1536 tyranni
626 1472 699 1521 multi
716 1478 839 1535 punctum
852 1480 962 1535 ponunt,
976 1479 1002 1522 el
1014 1475 1146 1537 sequeutia

56 1539 130 1586 aiunt
141 1551 197 1585 esse
210 1552 300 1601 preces
321 1552 368 1601 pro
385 1538 511 1599 Angusto,
531 1538 571 1586 vel
588 1536 700 1598 lrnperio
719 1537 751 1585 ll.
764 1537 916 1585 alterutrum
936 1539 1004 1586 enirn
1015 1541 1146 1587 totamm

54 1605 156 1650 stantem
174 1603 387 1664 interpretantur.
418 1602 462 1650 Sic
474 1617 497 1651 r.
508 1616 532 1650 e.
549 1601 652 1650 Marcil.
666 1600 742 1663 Cmq.
754 1602 880 1663 Desprea.
893 1602 972 1650 Bast.
982 1601 1077 1651 Sauad.
1086 1603 1145 1650 alii:

54 1666 100 1714 sed
112 1664 196 1714 male!
211 1666 346 1715 dani-lt
364 1663 481 1725 iniurioso
492 1680 543 1714 sse
554 1679 608 1714 aar.
618 1665 679 1714 leet.
693 1678 735 1727 ap.
746 1664 899 1715 donea—lt
917 1666 1025 1714 bochar·
1036 1681 1065 1714 se
1074 1681 1146 1728 popis-

54 1729 98 1777 lss.
125 1728 267 1778 ‘Horatius
278 1728 320 1778 hle
332 1731 404 1804 gravi
415 1730 506 1780 morbo
517 1729 626 1789 laborat,
637 1727 747 1792 pessime
759 1727 861 1777 habitus
872 1728 904 1777 ab
916 1730 1010 1793 ineptis
1022 1730 1147 1792 librariis,

53 1800 83 1842 ut
93 1807 121 1841 se
131 1793 216 1856 ipsum
228 1794 306 1842 miser
318 1807 361 1840 vrx
378 1798 511 1855 agnoscat.
546 1794 639 1843 lieret
657 1799 685 1841 et
701 1800 796 1842 artant
809 1793 950 1842 Beotlsius.
985 1794 1064 1843 Nunc
1076 1794 1145 1842 enim

53 1870 101 1919 pro
107 1855 219 1919 frequens
231 1858 297 1920 conj.
307 1856 415 1914 fremens
421 1873 431 1914 ,·
446 1857 497 1920 [its
514 1857 582 1920 conj.
593 1857 670 1905 etiarn
683 1855 790 1920 sma]
806 1871 873 1904 nanc
888 1870 936 1965 pro
951 1862 1067 1906 cesenates
1084 1857 1145 1906 snb·

55 1919 140 1968 stituit
150 1926 271 1969 cursantes
278 1935 288 1977 ,·
300 1918 404 1969 taudem
417 1929 501 1983 rogat,
511 1921 614 1983 quinam
627 1921 679 1967 sim
692 1919 807 1984 illi‚qnos
818 1933 887 1982 popu
898 1933 926 1967 os
937 1919 1049 1969 fremens
1059 1923 1146 1970 conci·

56 1989 103 2044 tat,
114 1991 192 2044 atque
203 1986 287 2032 locum
299 1981 465 2044 desperatum
478 1985 542 2032 reliu
562 1986 609 2033 uit.
645 1984 770 2031 Lucerum
783 1981 900 2031 Virbium
913 1981 992 2031 facile
1003 1985 1146 2033 restitueri-

55 2048 147 2105 mus,si
159 2050 274 2110 legamus
285 2060 363 2108 parva
375 2047 525 2104 mutatione,
556 2063 592 2096 ‚a
603 2061 632 2095 m
641 2047 737 2110 populos
745 2061 851 2108 premens
870 2046 899 2094 In
915 2061 973 2108 poce
989 2053 1104 2095 cessantes
1114 2048 1146 2094 ad

56 2125 132 2169 ormo,
142 2113 183 2171 tre.
217 2110 269 2158 Pro
280 2126 325 2158 ses
335 2111 427 2184 scripsi
440 2107 791 2174 ne,quisilluduit1illrabet,
806 2124 854 2173 quo
866 2107 958 2158 referri
972 2111 1060 2172 possit.
1093 2110 1146 2158 Pro

54 2175 152 2235 papatus
163 2176 280 2237 frequens
291 2188 394 2237 reposui
409 2177 506 2237 papates
514 2190 629 2236 premens,
645 2174 718 2223 facili
738 2173 873 2222 admodum
891 2174 1053 2222 librariorum
1065 2174 1147 2235 lapsu,

56 2237 167 2299 quicum
179 2238 247 2287 torte
259 2239 285 2286 iu
297 2236 353 2286 cod.
367 2237 473 2297 fremens
484 2253 530 2302 pro
541 2254 648 2302 premens
659 2238 818 2286 invenissent
829 2237 902 2297 illud,
918 2238 942 2285 in
956 2237 1070 2299 frequens
1088 2251 1145 2299 per·

56 2308 196 2365 mutarunt,
205 2303 303 2352 solenni
315 2302 488 2367 aberratione,
497 2304 547 2366 vel,
558 2304 617 2369 quis
628 2304 725 2366 popalus
734 2316 849 2364 premens,
864 2300 924 2365 quid
937 2302 984 2350 sibi
997 2300 1083 2357 vellet,
1095 2315 1144 2349 uon

545 2449 653 2499 NOTAE

53 2556 163 2606 Minoris
181 2560 310 2622 regionem
330 2564 431 2612 Euxino
449 2563 512 2610 msri
529 2564 579 2610 cir·
620 2576 649 2610 aa
664 2563 704 2610 vel
723 2577 774 2612 una
794 2562 877 2611 Roma
891 2560 1014 2610 Gentium
1025 2565 1053 2609 et
1066 2559 1143 2609 Orbis

53 2629 580 2698 cumfusaus,Propontidivicinam,Tlira·
619 2639 721 2687 domina
751 2639 899 2700 sirperbum.
933 2639 1025 2701 virgil.
1046 2638 1145 2687 AEoeid.

53 2707 101 2756 cias
130 2708 272 2771 adversam,
295 2714 344 2759 &a
379 2712 504 2760 Similiter
532 2726 579 2773 pro
621 2725 648 2760 v.
669 2716 726 2760 tao.
755 2712 845 2762 ‘Gens
866 2714 931 2762 dura
954 2722 1032 2775 atque
1052 2727 1145 2775 aspera

53 2783 168 2845 quolibet
178 2786 239 2833 mori
250 2787 355 2848 ponitur
368 2787 581 2848 Corputlrismdic·
620 2788 691 2836 cultu
704 2788 864 2837 Debellauda
877 2789 925 2836 tibi
938 2787 1013 2834 Latio
1025 2785 1082 2833 est.'

52 2865 106 2905 turn
119 2857 152 2906 ab
169 2859 257 2907 insula
269 2861 407 2923 Carpatho,
425 2861 529 2912 Cretam
542 2863 580 2910 iu·
651 2867 680 2912 ll
694 2859 1145 2926 Regamqsemutresbordoromm,lsc.]

52 2940 92 2982 ter
104 2943 130 2983 et
144 2935 270 2996 Rhodum,
281 2937 356 2986 hodie
368 2936 524 3000 Scorpsstlso.
618 2940 661 2987 Sic
675 2939 733 2987 Ode
748 2953 765 2985 ι.
777 2940 851 2993 dixit,
872 2941 879 2964 ‘
891 2937 957 2985 bella
966 2937 1089 2986 matribus
1099 2936 1144 2986 de-

82 3014 99 3057 9
115 3012 147 3060 Te
158 3013 238 3061 Duces
249 3027 325 3074 seper,
340 3013 392 3075 tra]
409 3014 448 3061 Te
461 3016 577 3062 nationes
617 3011 732 3062 testata!
751 3012 874 3058 Metuant
882 3012 1040 3070 nempetilils
1048 3020 1145 3058 matres

51 3098 146 3146 omues,
157 3089 305 3145 oFortuna,
316 3090 413 3135 colunt.
430 3088 578 3146 Dactgeue
619 3097 750 3144 uunquam
770 3095 830 3138 uon,
846 3083 1069 3144 deprecamurque
1080 3085 1145 3132 ursis

53 3159 185 3217 bellicosa,
205 3161 238 3206 ad
258 3160 353 3206 Istrum
375 3172 421 3204 serr
432 3159 579 3204 Danubium
620 3155 871 3219 quaetislrnmanitns
883 3145 1051 3201 aceldentiaf'.

52 3231 580 3294 fluvium,'l'raosylvania,Moldsvis,Va-
656 3231 822 3292 reserpere·
846 3235 952 3278 metuant
977 3233 1085 3295 tyranni]
1112 3235 1146 3284 Et

51 3309 426 3359 lacchiatrodiecoutineutur.
621 3307 687 3354 bene
713 3305 825 3369 quidem,
850 3320 976 3356 memores
1000 3308 1067 3356 hituc
1089 3323 1145 3358 essa

85 3385 189 3445 Prasogi
198 3383 303 3447 Scytha]
316 3382 345 3430 1n
356 3381 478 3445 plaustris
487 3395 580 3445 vagan-
621 3381 740 3430 Fortunae
760 3380 854 3445 ludum,
865 3383 919 3431 alta
935 3383 1082 3445 deturbare,
1102 3385 1148 3432 hu·

53 3466 103 3521 tes,
114 3460 208 3507 nullam
228 3459 349 3507 habentes
361 3458 446 3508 sedeur
459 3457 535 3506 lixam
552 3464 580 3507 et
618 3457 690 3506 milia
707 3456 851 3507 sublevare.
886 3460 920 3507 Et
931 3460 997 3524 quod
1015 3460 1050 3508 ait
1065 3458 1145 3509 Juve-

52 3534 178 3582 stabilem.
210 3533 575 3582 lustinxssrrutdeillis:
618 3535 683 3584 nelis
694 3535 749 3583 Sst.
771 3547 798 3583 x.
817 3535 946 3584 112.‘Ad
962 3549 1083 3597 generum
1095 3537 1145 3583 Ce-

52 3610 111 3658 ‘Ne
133 3622 191 3671 spes
213 3607 316 3671 quidem
338 3608 435 3667 premii
454 3607 523 3657 soret
544 3624 577 3657 ex
617 3611 681 3660 reris
692 3612 747 3658 sine
759 3611 830 3659 caede
842 3626 871 3659 sc
883 3613 989 3660 vulnere
1006 3611 1080 3672 pauci
1091 3612 1146 3659 De·

51 3685 124 3734 lioste
137 3700 212 3747 rugo,
225 3697 273 3730 non
286 3683 403 3745 pecunias
413 3689 521 3738 tantum,
531 3683 576 3731 sed
617 3687 743 3736 scendunt
761 3699 834 3748 regas
857 3693 884 3735 et
905 3688 974 3736 sicca
998 3693 1081 3735 morte
1105 3693 1143 3750 ty-

53 3762 130 3809 etiaur
142 3759 211 3808 sedis
221 3757 314 3818 inope.’
341 3756 413 3804 lutra
423 3771 466 3805 ιιι.
476 3757 528 3806 Od.
539 3762 578 3806 24.
618 3760 708 3811 rerinl!

55 3835 236 3899 ‘Campestres
245 3833 334 3880 melius
343 3833 576 3896 semimortuam
651 3839 680 3883 rt
699 3835 808 3884 Stantem
824 3835 964 3898 columnam]
983 3835 1024 3883 Ns
1037 3835 1142 3888 subruas

56 3909 168 3967 plaustra
188 3923 267 3972 vagas
288 3908 336 3955 rite
357 3909 460 3955 trahunt
479 3908 577 3970 domos,
617 3909 758 3971 Imperium
775 3910 915 3959 Romanum
928 3912 983 3972 jam
996 3911 1141 3977 stabilitum,

58 3980 225 4043 l'iruut,‘&c.
617 3985 659 4032 rel
673 3983 857 4045 imperatorem
871 3985 985 4033 feliciter
996 3988 1080 4038 omnia
1092 4006 1143 4039 ruu-

90 4061 119 4104 lt
135 4059 228 4108 latitem
239 4061 324 4122 ferox]
343 4059 422 4108 Bellis
444 4058 576 4120 inclytum,
617 4060 761 4109 dersutem.
789 4056 863 4108 Neve
874 4060 955 4111 facias
966 4068 995 4109 ut
1006 4062 1143 4114 seditiones
