2408 4200
379 252 582 304 canutuuu
609 251 679 298 ura.
704 250 755 297 tv.
777 233 831 296 12.
1073 232 1137 295 617

223 399 288 462 Sed
303 415 455 479 pressum
470 393 611 457 Calibus
624 390 742 453 ducere
759 388 914 451 Liberum

221 500 258 563 Si
274 499 389 579 gestis,
404 496 560 578 juvenum
575 491 735 554 nobilium
751 489 865 563 cliens,
1095 487 1137 548 15

352 595 468 660 Nardo
485 595 561 656 vina
576 593 752 655 merebere.

222 699 329 763 Nardi
344 716 466 779 parvus
481 713 571 776 onyx
585 692 697 756 eliciet
712 688 846 763 cadum,

53 878 118 926 nexit
129 880 194 928 sitim
202 897 209 927 .·
216 876 244 929 isc
254 884 277 929 ri
285 883 350 943 cupis
361 880 436 929 bibere
447 880 527 927 mnam
537 879 633 927 Calibus
640 892 783 940 expressura,
791 885 827 939 tu,
833 877 906 927 etiem
915 877 1041 925 illustrium
1050 875 1139 923 odoba-

53 948 152 1005 amram,
164 945 262 1007 accipies
277 947 358 994 ninum
370 946 426 992 doto
442 948 567 1002 unguento.
602 942 723 1003 Exiguam
735 958 778 991 nor
789 942 903 1003 unguenti
917 940 1051 1002 amplorum
1061 937 1139 985 trahet

504 1083 685 1105 ”neuneu

54 1178 112 1228 dum
121 1188 283 1245 suppeteret,
291 1197 367 1246 nunc,
375 1198 431 1232 cum
440 1183 466 1231 id
475 1190 576 1246 tempus
585 1184 767 1245 :nonnullum
777 1181 887 1245 amplius
896 1177 994 1228 babeo)
1013 1173 1138 1238 Equidem

53 1243 163 1319 verbnm·
178 1261 228 1294 uon
246 1248 353 1308 amplius
373 1246 481 1295 addam?
496 1248 626 1295 Jaai.-15
644 1247 685 1296 Sic
697 1248 774 1310 gestis
792 1247 864 1295 Desa.
876 1247 965 1292 a-ta
983 1241 1064 1290 Nerdo
1081 1237 1137 1285 nisa

52 1308 174 1356 nuraberu
185 1311 298 1358 nonnulli
309 1309 402 1358 Lamb.
413 1310 488 1359 Harl.
502 1315 524 1359 l.
542 1325 606 1359 uuus
623 1311 725 1360 Bersm.
737 1311 825 1359 Bentl.
836 1309 922 1358 Graev.
934 1303 1047 1365 Magdal.
1060 1299 1136 1348 Bedl·

54 1372 77 1415 1.
90 1379 116 1419 et
128 1372 224 1447 Battel.
242 1388 288 1434 pro
299 1387 352 1422 var.
364 1375 424 1422 lact.
443 1374 553 1423 Mcutcl.
574 1375 679 1422 Decet.
696 1373 777 1421 etsie
797 1371 838 1420 ad.
856 1369 942 1418 Bentl.
961 1367 1020 1431 quia
1037 1363 1138 1412 dulcius

53 1447 138 1480 aurem
151 1434 238 1494 ferrat,
249 1442 275 1484 et
288 1436 409 1484 lloratius
421 1437 486 1485 bunc
496 1451 594 1486 versum
609 1436 732 1486 libentius
748 1435 850 1484 claudat
863 1433 965 1483 Cretico
978 1429 1054 1492 pede,
1065 1439 1138 1490 quam

54 1495 174 1556 Dactylo.
208 1499 216 1524 ‘
228 1498 422 1574 Hocnpoateriua
433 1501 487 1548 solo
499 1515 544 1548 suo
555 1500 678 1549 arbitratu
689 1499 835 1548 Bentleium
847 1497 943 1553 dicere,
959 1493 1035 1542 t‘aclle
1045 1489 1138 1539 iutelli-

55 1559 191 1638 glatlecror
203 1562 312 1610 Horatrr.
346 1565 379 1612 Et
391 1564 447 1625 quis
464 1565 501 1611 illi
521 1565 596 1624 dixit,
616 1571 758 1626 postremas
776 1569 829 1610 tres
845 1559 954 1623 syllabas
973 1558 1000 1604 in
1016 1553 1140 1603 marewic

55 1619 318 1698 (.re'trcumlellicere?
350 1627 468 1689 Denique
479 1627 521 1675 vix
534 1636 650 1691 apparet,
665 1641 712 1676 cnr
723 1640 797 1675 stares
806 1623 930 1687 praeferre
941 1619 1055 1668 debeant
1066 1630 1138 1664 mere·

55 1682 122 1731 beris.
156 1685 239 1747 lgrtur
258 1690 437 1737 auctoritatem
455 1698 596 1740 ceterorum
617 1692 728 1740 omnium
744 1689 866 1737 librorum
885 1684 965 1735 secuti
983 1683 1140 1734 retineamus

54 1747 185 1797 merebere!
201 1751 333 1801 tant-tr
352 1754 418 1816 Lips.
428 1757 451 1803 4.
468 1756 548 1805 eliciat
562 1758 718 1805 cadum-18
735 1753 847 1817 Salpitir's
865 1749 948 1810 multi,
965 1746 1011 1796 aad
1024 1759 1081 1796 esse
1094 1742 1138 1791 de·

544 1912 650 1960 NOTAE

54 2033 179 2095 Francos)
199 2033 308 2082 adduxit
334 2039 423 2079 reatum
453 2047 482 2080 ac
508 2032 576 2080 sitim
616 2035 658 2082 De
671 2031 770 2081 nardini
784 2031 905 2095 unguenti
923 2029 1007 2093 pretio
1025 2033 1053 2077 et
1065 2033 1139 2075 natu-

54 2106 433 2167 proindemsdetqoepocuta.
467 2106 576 2155 Quidam
616 2123 654 2168 ra,
674 2122 704 2156 ιι.
722 2109 773 2157 Od.
791 2113 831 2157 tl.
853 2111 892 2155 tu.
910 2107 973 2154 Not.
999 2103 1140 2153 Catulluse

55 2185 147 2239 putant
159 2180 241 2225 uotari
253 2180 339 2227 boram
350 2178 401 2226 diei
410 2193 490 2227 caenae
499 2180 577 2228 desti·
616 2183 744 2231 contrario
756 2182 806 2231 Od.
819 2195 881 2230 ιιιιι.
893 2181 931 2229 ita
943 2178 1089 2241 prescribit
1107 2176 1139 2224 ad

53 2259 149 2309 natam,
160 2259 220 2312 puta
232 2266 322 2301 nouam
333 2256 512 2303 veloctavam:
526 2269 576 2316 quo
617 2257 764 2305 Fabullum:
784 2255 923 2304 ‘Coenabia
944 2252 1018 2306 bene,
1038 2251 1072 2298 mi
1091 2251 1140 2297 Fa·

53 2340 128 2373 seusu
147 2328 236 2389 Virgil.
255 2328 349 2392 Georg.
366 2344 408 2379 ιιι.
421 2334 476 2379 82⁷.
492 2332 498 2357 ‘
512 2329 577 2378 lude
616 2332 696 2391 bulte,
705 2330 772 2392 apud
784 2329 913 2389 me,...Si
927 2336 1010 2376 tecum
1023 2324 1139 2373 attuleris

53 2400 95 2449 ubi
106 2408 196 2463 quarte
207 2404 275 2451 sitim
285 2406 343 2452 culi
354 2406 487 2474 collegerit
496 2404 577 2454 bora!
617 2407 708 2455 bonam
721 2413 799 2469 atque
816 2417 933 2465 maguam
948 2402 1051 2450 Coeuum
1054 2429 1139 2459 ·····

77 2478 116 2558 '14
134 2476 245 2525 Pressam
265 2478 360 2527 Calibus
381 2479 503 2544 Liberum]
524 2481 577 2528 Cur
616 2481 668 2529 Sed
688 2487 778 2529 contra
797 2479 907 2540 accipies
930 2488 1013 2523 meros
1034 2486 1142 2533 amores,

55 2550 136 2634 Liber
153 2552 296 2599 nominetur
317 2554 444 2614 Bacchus,
463 2562 490 2603 et
509 2554 576 2617 qrrod
615 2557 666 2606 sen
682 2556 742 2619 qrrid
759 2555 860 2603 stravius
872 2549 1055 2613 elegantiusve.
1074 2548 1140 2597 Nam

55 2639 101 2686 pro
115 2638 172 2671 rino
184 2636 303 2685 ponatur,
316 2631 356 2675 vel
368 2630 451 2677 sciolis
462 2645 577 2692 comper·
616 2638 773 2694 unguentum
786 2627 872 2685 dabo:
883 2631 932 2675 dcc.

55 2706 118 2743 tum.
152 2699 193 2745 De
211 2701 317 2747 Calibus
337 2703 400 2750 urbe
421 2704 577 2765 Campaniae,
650 2709 679 2752 17
699 2706 777 2752 Nordi
792 2698 1142 2766 purrusonyxelicietcadam‚

54 2771 138 2834 deque
151 2773 201 2820 vini
211 2775 299 2822 Caleni
309 2775 424 2826 bonitate
435 2779 487 2825 (lixi
499 2779 578 2826 r.0d.
615 2776 668 2838 de]
693 2777 825 2824 Modicum
845 2775 970 2837 unguenti
986 2788 1003 2820 a
1020 2781 1046 2820 te
1063 2771 1141 2820 colla·

54 2849 94 2896 20.
112 2852 137 2895 9.
156 2846 208 2902 ubi,
229 2850 319 2910 ‘prelo
340 2851 461 2900 domitam
482 2851 577 2900 Caleno
617 2856 746 2896 tumame
759 2843 1141 2909 compensabituriutegrovlni

57 2954 96 2969 ...
112 2935 185 2969 trram
196 2922 212 2968 :'
229 2923 289 2971 item
310 2923 363 2973 Od.
378 2929 418 2972 st.
435 2926 442 2951 ⁴
454 2925 578 2974 Premaut
617 2921 705 2984 optimi
716 2921 791 2981 cade,
803 2921 872 2982 quod
884 2934 930 2980 ego
943 2927 1027 2982 petam
1038 2926 1064 2967 et
1076 2931 1143 2966 mer·

56 2996 151 3043 Calena
164 2995 229 3044 islce
242 3032 248 3043 .
259 3033 265 3046 .
277 3033 284 3046 .
298 2999 394 3057 vitem,'
404 3005 452 3048 dre.
618 2997 697 3044 eebor
706 3011 739 3044 ex
751 2995 847 3042 horreis
859 2994 975 3055 publicis.

86 3070 577 3138 Ltbcmm]ScnecadeTranquillcap.
652 3070 735 3132 Onyx]
754 3069 850 3117 Graeca
868 3082 916 3114 vox
937 3079 1047 3127 unguem
1066 3065 1142 3125 signi·

57 3149 94 3190 lt.
107 3146 114 3170 ⁴
130 3145 187 3191 Non
199 3145 231 3193 ob
244 3147 336 3207 lingue
353 3148 482 3196 licentiam
494 3148 578 3197 dictus
618 3142 707 3206 ficana,
718 3144 816 3206 pariter
833 3149 860 3190 et
877 3140 1053 3198 alabastriten,
1064 3136 1090 3186 id
1102 3146 1143 3186 est

58 3217 144 3276 Liber,
154 3219 199 3265 sed
212 3222 269 3281 quia
282 3221 373 3271 liberat
389 3225 493 3272 servitio
505 3239 577 3273 cura.
618 3220 728 3281 lapidem
744 3219 830 3266 colore
846 3217 954 3264 similem
970 3214 1079 3261 humano
1098 3226 1142 3259 un·

56 3304 111 3373 rum
123 3291 454 3358 animum,vegetioremque
467 3298 578 3345 eteuda·
620 3294 671 3355 gni.
699 3292 782 3340 Deeo
800 3291 1025 3338 Ptin.xxxv1.r.
1051 3287 1142 3348 ‘Ony-

56 3378 150 3447 ctorem
168 3365 193 3411 in
211 3380 296 3415 onmes
313 3380 419 3419 conatus
434 3370 496 3420 facit
513 3371 577 3420 Bac·
621 3368 684 3415 elren
702 3368 840 3415 etianrnum
856 3366 881 3413 in
899 3363 1002 3413 Arabiae
1016 3361 1143 3410 montibus

57 3437 118 3486 cirus
129 3444 247 3486 inventor
259 3441 325 3489 vini:
620 3456 667 3489 nec
678 3442 737 3489 alibi
754 3453 860 3503 usquam
871 3438 941 3487 nasci
953 3445 1076 3499 putavere
1085 3449 1144 3484 uos·

90 3518 118 3561 15
128 3513 365 3562 ducenumnobilium
375 3517 458 3579 cliens]
475 3517 579 3568 0Pub·
620 3518 653 3565 tri
679 3514 797 3564 ιειιιιιιι.Ι
824 3515 859 3562 Et
880 3528 937 3574 cap.
956 3526 1009 3574 seq.
1046 3510 1142 3558 ‘Hunc

56 3588 74 3634 li
94 3588 185 3649 Virgili
206 3588 290 3648 Maro,
306 3591 348 3652 qui
371 3591 434 3638 colis
450 3592 579 3642 'liberium
621 3590 699 3653 aliqui
718 3588 828 3651 lapidem
852 3587 1018 3636 alabastriten
1042 3592 1142 3643 vocant,

56 3663 221 3725 Drusumqne
250 3662 368 3711 Nerones
400 3665 477 3714 liviae
504 3666 579 3728 tilios,
621 3679 695 3728 quem
717 3671 811 3712 cavant
835 3662 866 3711 atl
888 3677 947 3710 vasa
967 3659 1144 3720 unguentaria,

57 3737 210 3784 Marcellum
229 3737 339 3800 Augusti
363 3753 483 3798 generum
501 3752 578 3806 arque
620 3731 1145 3803 quouismoptimeservareincorruptatli-

58 3810 195 3891 adoptione
217 3811 306 3872 tilium,
328 3815 440 3877 aliosque
458 3816 578 3866 Romanae
620 3814 705 3864 citur.’
723 3810 1022 3873 Additetaliaquaedam
1034 3819 1145 3855 xxxvii.

54 3885 199 3941 juventutis
211 3901 240 3933 ac
252 3888 393 3937 nobilitatis
403 3889 547 3953 Principes.
620 3895 644 3939 6.
661 3891 687 3937 in
704 3888 765 3936 fine.
789 3886 937 3935 Dioscorid.
950 3897 975 3929 v.
988 3885 1044 3928 158.
1056 3881 1144 3929 memi-

91 3962 122 4003 16
139 3959 222 4006 Nordo
237 3963 291 4010 aiau
301 3965 427 4027 merebere]
445 3963 518 4014 Affcr
535 3982 580 4015 un·
621 3967 659 4014 nit
677 3965 753 4012 etiam
773 3964 828 4024 aius
844 3958 947 4021 lapidis,
970 3971 984 4004 e
1004 3969 1054 4019 quo
1073 3954 1143 4004 sacta

58 4038 180 4094 guentum
191 4035 301 4098 ensrtlo,
312 4052 360 4101 ego
372 4041 431 4089 vina
441 4040 578 4093 conteram.
622 4055 682 4089 vasa
699 4038 781 4098 ὄνυχες
799 4035 959 4084 dicebantur.
983 4031 1072 4081 isidor.
1088 4043 1145 4080 xm.
