2408 4200
500 234 631 284 uum
653 235 892 287 noemmin.

143 567 257 633 Verrui
270 564 358 624 certis
376 561 502 642 pedihuo
523 562 648 641 alligati,
669 566 721 641 qui
741 565 1018 628 Monoecheruetirti
1034 570 1170 643 audiunt,
1195 601 1200 622 ·

144 663 276 742 ryileher
291 659 619 736 numereriputiuuturr
639 659 718 719 uude
738 660 920 739 sapphicum
930 662 1172 745 Penturyiieburn

144 770 239 818 cetur.
280 755 406 813 Muricie
419 752 655 814 Chorirmhicum
673 755 892 815 Monometruur
908 757 1198 837 Hypercetelecturu.

187 855 216 908 2.
236 848 456 910 Archiiochium
484 848 726 928 Heptueyllehum
750 860 870 910 eonem
890 869 927 910 ex
951 852 1023 912 Bari
1041 854 1087 914 vel
1110 856 1200 914 Dru·

147 943 302 1023 Dactylica
323 961 392 1002 curn
414 940 572 1020 semipede.
616 942 777 1002 Dimetrurn
797 944 984 1023 Dactylicum
1008 949 1204 1026 Hypercetui

145 1051 219 1098 turn.
253 1039 426 1097 Caunex
440 1036 583 1114 superiori
596 1047 679 1114 purte
689 1038 860 1097 Heremetri
873 1039 1131 1102 Penthernimeree.
1163 1045 1184 1102 S
1203 1088 1204 1095 r

147 1133 273 1192 nectitur
287 1132 537 1200 Herumetro,1v.
553 1129 614 1188 Od.
630 1133 660 1190 7.

189 1230 218 1286 3.
239 1224 455 1286 Pherecratium
471 1225 508 1282 eb
521 1225 685 1283 inventore.
727 1224 917 1287 Pherecrates
932 1227 961 1285 in
974 1229 1119 1288 Coriano:

473 1317 599 1395 Ἄνδρα
612 1321 749 1397 πρόσχω
762 1319 811 1378 τὸν
824 1328 890 1379 νοῦν

476 1415 655 1489 ἘΕειιρήματι
673 1419 757 1492 καινῷ

482 1508 666 1587 {operimur
679 1510 874 1566 hvnrniororr.

118 1600 123 1606 ’
151 1607 269 1665 Plocius
285 1603 595 1663 Monorchemetietum
611 1614 717 1662 vocet:
733 1602 822 1661 habet
835 1603 910 1662 enim
923 1603 1053 1682 pederin
1064 1604 1196 1665 eodeme

148 1699 349 1767 invariabilem
375 1698 477 1776 utqui
495 1696 584 1774 juxte
606 1696 823 1756 Grammaticos
841 1696 956 1757 duobus
978 1698 1129 1759 hincinde
1144 1700 1199 1779 Sp

148 1796 221 1854 dreir
236 1794 394 1874 Ductyium
407 1810 522 1870 semper
532 1790 688 1869 interjiciet
698 1790 825 1850 medium
837 1811 845 1858 3
859 1791 939 1851 unde
951 1801 981 1851 et
993 1791 1187 1872 Heptteyiiuh

148 1891 210 1949 fieri
225 1907 349 1949 neceree
362 1897 418 1946 ert.
459 1886 546 1953 Quod
561 1885 646 1945 eddit
658 1886 737 1945 idem
751 1885 824 1945 elice
839 1887 1046 1967 Symptycton,
1067 1887 1140 1946 uiioe
1157 1891 1203 1947 An

150 1984 306 2061 puerticum
320 1981 428 2048 dicere,
440 1999 540 2038 vereor
552 1992 586 2039 ut
599 1980 731 2040 alterutri
745 1980 816 2058 quid
832 1980 887 2039 ribi
900 1982 1002 2053 velint,
1018 1982 1090 2040 satie
1103 1984 1204 2042 intell

153 2080 248 2136 erint:
276 2094 331 2132 nec
351 2073 428 2131 enirn
451 2073 631 2134 Pherecretie
650 2077 741 2134 verbe
762 2074 799 2134 de
819 2077 896 2153 pede
916 2077 1077 2154 Anepoesto
1091 2080 1199 2155 ceperi

153 2192 221 2232 curn
246 2167 434 2248 Hephecetion
451 2167 591 2228 Metricur
606 2169 825 2229 Pherecratiurn
847 2170 1118 2249 Hephthernimerer
1140 2174 1202 2230 Ant

153 2269 266 2347 pertico
281 2264 381 2344 generi
394 2263 531 2334 vindicet,
550 2263 591 2322 itu
609 2265 723 2325 scilicet
744 2265 868 2343 partitur
888 2276 922 2324 ut
936 2265 1090 2343 Epitritum
1105 2276 1191 2344 quert

152 2362 317 2441 complicet,
341 2377 407 2418 curn
428 2358 552 2438 Epitrito
566 2361 658 2438 primo
671 2360 756 2438 cujus
771 2359 875 2419 ultima
888 2359 995 2419 deficit.
1037 2360 1179 2432 Δικατὰλη

152 2468 238 2517 vocet
251 2465 282 2517 et
294 2456 482 2530 ἂσυνόριητον
496 2461 565 2514 rarh
582 2457 776 2526 ἀντιπάθειαι,
799 2456 868 2532 quia
884 2455 1075 2515 Trochaicam
1089 2465 1203 2536 protom

153 2550 265 2613 ciuudit
289 2548 417 2609 iambica
440 2547 601 2606 retuleris:
625 2567 692 2607 cum
707 2549 753 2608 hee
767 2550 989 2630 conjugationes
1005 2551 1059 2610 eibi
1075 2560 1176 2610 mutuo
1196 2579 1199 2601 ι

118 2666 125 2675 ·
152 2657 314 2707 versentur.
357 2641 630 2721 Sesquirepteueriu
644 2643 780 2702 clausula
799 2644 914 2719 dicitur,
931 2646 1011 2724 quod
1026 2646 1119 2705 tribur
1134 2646 1196 2705 dier

153 2740 229 2799 lehis
242 2739 366 2817 pedibus
378 2738 497 2796 bisectis
512 2737 637 2796 accedet
656 2738 792 2817 semiper.
832 2741 1000 2801 Ἀνάπιιισιι
1023 2741 1070 2800 hic
1093 2741 1124 2800 id
1145 2741 1204 2801 vul

155 2833 270 2892 ridetur
283 2832 363 2911 quod
376 2832 404 2890 iu
420 2831 526 2889 Ionicis
539 2830 725 2890 Ἀνᾶκλασιε.
767 2831 824 2892 Per
845 2836 922 2893 enirn
944 2846 1056 2913 reptem
1078 2846 1192 2915 tempor

154 2948 221 2988 cum
235 2927 310 3007 pede
322 2929 450 3006 quinque
464 2938 629 3003 temporum
644 2926 729 2984 simul
744 2929 833 2986 eumti
844 2940 952 3005 punctu
961 2929 1121 2989 conficiunt
1130 2931 1184 2989 du
1197 2956 1203 2980 ·

153 3023 229 3090 oim3
247 3037 279 3082 ut
293 3023 466 3092 Dimetrurn,
479 3021 615 3099 quumvis
630 3019 744 3098 syllaba
759 3020 887 3087 deficiet,
907 3032 1002 3080 temen
1017 3043 1069 3099 per
1081 3024 1159 3080 hanc
1173 3024 1199 3078 E

155 3119 256 3195 plocen
279 3118 361 3177 reiut
388 3137 426 3176 ex
453 3114 678 3192 repercussione
700 3115 800 3190 justos
828 3113 962 3169 absolvet
986 3132 1130 3185 numeros.
1173 3114 1198 3171 P

155 3212 349 3291 Asclepiadee
360 3211 434 3268 bine
447 3209 567 3284 ponitur
581 3217 724 3285 sequente
739 3205 895 3281 Glyconio.
914 3225 936 3263 1.
952 3205 1010 3264 Od.
1025 3207 1056 3263 5.
1073 3208 1119 3263 14.
1131 3208 1181 3263 21.

154 3319 184 3366 et
199 3326 252 3365 ιιι.
264 3306 325 3364 Οι1.
341 3309 370 3362 7.
384 3305 432 3361 13.

197 3405 227 3456 4.
247 3398 424 3477 Glyconium
440 3394 668 3476 Octneyliebum
679 3412 687 3460 ;
700 3393 816 3452 duobus
831 3392 964 3474 Dectyiie
976 3393 1157 3474 Spondueurn
1173 3412 1192 3469 p

152 3491 240 3570 jecit.
281 3492 387 3550 Locum
410 3493 530 3551 sortitur
552 3490 632 3571 apud
648 3490 751 3551 Horat.
768 3491 812 3549 rei
828 3501 895 3550 ante
910 3488 1028 3569 ringula
1044 3486 1200 3565 Asclepiud

157 3585 206 3644 vel
222 3593 290 3661 poet
300 3583 370 3640 hine
382 3604 448 3642 cum
461 3585 659 3658 Pherecratio,
670 3585 716 3645 rel
732 3586 859 3662 denique
878 3595 946 3662 poet
960 3595 1053 3643 terne.
1090 3580 1204 3639 Henrie

157 3680 278 3740 dicitur.
323 3677 541 3737 Animadvertae
563 3681 633 3739 iicet
659 3681 836 3759 Glyconiurn
856 3679 1042 3738 Pherecratio
1066 3675 1198 3755 praemier

157 3775 306 3838 conficere
321 3771 497 3850 Priapeiurn,
511 3773 657 3851 quomodo
671 3773 827 3834 Catullus:

234 3870 323 3928 Hunc
339 3868 436 3926 lucum
451 3867 501 3926 tihi
513 3867 618 3927 dedico
633 3884 843 3944 consertoque,
858 3864 975 3940 Priape.

159 3964 318 4043 Virgilius:
567 3979 568 3982 ’

234 4061 291 4119 Cui
306 4077 364 4119 non
381 4056 480 4117 dictus
496 4054 591 4135 Hylae
604 4076 676 4135 puer
689 4069 720 4116 et
735 4054 858 4114 Latonia
872 4050 984 4109 Delori
