2408 4200
405 273 441 333 o.
464 268 623 341 uonarn
650 268 782 321 resecr

219 413 364 498 Spiritus
378 419 459 479 teter
474 414 652 496 saniesque
665 418 778 477 munet

479 515 546 578 Oro
559 514 714 595 trilingui.

224 613 318 693 Quin
335 624 371 680 et
385 616 486 680 Ixion
500 615 686 697 Tityosque
702 613 795 678 vultu
894 661 896 664 .

220 716 311 781 Risit
325 717 453 781 invito:
477 717 567 780 stetit
582 734 663 780 ume
678 715 813 798 paulum

221 817 333 894 Sicca,
349 818 428 880 dum
442 825 535 899 grato
554 816 664 880 Densi
679 815 808 900 puellas

477 915 632 978 Carmine
648 914 790 979 mulces.

222 1015 349 1080 Audiat
363 1014 457 1098 Lydo
472 1013 581 1078 scelus
597 1022 698 1097 atque
713 1020 810 1078 notas
1099 1015 1147 1081 25

50 1211 167 1269 remutet
182 1206 261 1267 auiti,
279 1208 302 1252 rt
320 1219 350 1251 es
369 1217 408 1251 ors
423 1208 471 1252 tres
490 1203 584 1264 linguas
600 1202 699 1251 iubente
714 1202 802 1252 tuma
816 1204 928 1266 pestilens
943 1209 967 1251 et
980 1203 1059 1252 tubum
1067 1203 1146 1268 fluet.

52 1272 190 1326 Quinctium
209 1270 279 1317 leion
297 1273 321 1315 et
339 1268 424 1330 Nuus
432 1266 499 1324 fucis
513 1267 618 1329 pretulit
632 1267 780 1314 bilaritatem
796 1282 842 1315 sorr
858 1272 953 1328 sponte:
970 1269 1038 1315 stetit
1055 1270 1146 1316 dolium

51 1334 168 1398 tantisper
177 1333 280 1394 aridum,
289 1333 344 1379 durn
359 1331 427 1378 suuni
436 1334 508 1379 eutrtu
520 1330 601 1379 Dunui
608 1328 678 1394 fliius
687 1329 812 1379 &lintres
846 1330 932 1380 Distat
944 1331 1010 1394 Lyde
1020 1332 1107 1380 crines
1118 1336 1145 1380 et

508 1470 686 1493 ΜΝΜΟ

51 1574 192 1638 Aliquanto
204 1573 361 1623 tolerabilius
375 1574 440 1621 Viro
450 1571 599 1621 doctissimo
612 1573 748 1622 uidebatur
760 1572 821 1622 illud
833 1574 892 1635 qius,
904 1575 924 1621 si
938 1574 1092 1636 jungeretur
1103 1588 1145 1622 se·

52 1637 197 1698 qrrentibus.
231 1636 338 1682 interitu
352 1649 398 1696 pro
409 1635 460 1693 qius
469 1642 540 1697 utque
556 1637 660 1697 conjicit
680 1638 747 1685 idern
758 1643 897 1700 aestuatque,
912 1639 973 1686 item
985 1639 1047 1702 efflat
1057 1643 1145 1700 atquin·

51 1713 109 1748 nuru
121 1700 199 1762 efflare
210 1698 370 1746 intransitive
389 1700 467 1745 etiam
484 1698 573 1747 Politis
589 1699 694 1756 dicitur,
713 1709 740 1747 ut
758 1701 826 1748 Stat.
837 1702 883 1748 Th.
898 1714 924 1750 x.
943 1706 998 1750 102.
1014 1706 1146 1765 aestuatque

51 1776 138 1824 recep.
149 1764 209 1810 San.
222 1770 249 1810 ct
261 1762 328 1810 Sivr.
345 1763 469 1824 rjyluutque
480 1762 550 1825 conj.
562 1762 643 1811 (lesu.
671 1763 731 1810 Vid.
742 1763 802 1811 Seu.
814 1765 910 1813 Trond.
921 1769 977 1813 226.
1006 1765 1145 1826 Optimum

50 1841 65 1875 e
79 1828 178 1874 ratione
190 1826 290 1885 critice,
301 1839 428 1886 sensuque
440 1826 532 1887 lyrico,
543 1826 645 1873 videtur
656 1840 712 1875 esse
725 1827 904 1876 Bentleienum
915 1834 1034 1889 exsulque.
1063 1828 1144 1878 Forte

51 1899 136 1938 temen
153 1905 201 1938 nec
217 1889 356 1950 displiceat
372 1888 506 1951 emissique.
522 1899 648 1952 quatenns
666 1890 811 1940 ‘emicare’
829 1892 957 1950 dicuutur,
975 1906 1032 1953 quae
1044 1904 1102 1938 cum
1114 1891 1143 1939 vi

50 1954 161 2017 quadam
175 1953 370 2014 protrudentur,
382 1967 401 1998 s.
421 1960 591 2017 prorumpunt
609 1955 634 2001 iu
653 1969 735 2002 aitrus.
769 1955 819 2003 Sed
837 1955 947 2003 dubitari
961 1958 1035 2002 etiam
1051 1956 1145 2018 possit,

52 2033 83 2065 un
103 2032 148 2079 pro
164 2017 213 2076 ejus
227 2023 296 2079 utque
313 2017 427 2065 Verbum
447 2017 568 2067 substitui
582 2019 684 2066 omuino
697 2033 803 2067 necesse
816 2021 857 2068 sit.
892 2019 968 2077 Num,
980 2018 1045 2081 qnod
1059 2019 1144 2078 aiunt,

51 2084 58 2108 ‘
72 2093 175 2128 manare
188 2080 319 2142 spiritntu’
331 2081 382 2129 dici
395 2095 445 2128 uon
458 2096 543 2144 posse,
554 2082 579 2129 id
596 2083 690 2130 nullius
703 2085 824 2131 momenti
836 2090 884 2131 est.
919 2083 1027 2130 Doctins
1039 2085 1145 2131 adeost

50 2143 216 2207 mugislyrice
227 2145 326 2208 spiritus
337 2152 364 2193 et
375 2145 451 2193 eunies
460 2147 503 2194 uui
514 2145 591 2193 uerbo
604 2161 698 2194 inarare
705 2148 781 2209 jungi
796 2148 923 2196 videntur.
943 2149 988 2195 Est
1001 2146 1145 2209 splenos.

50 2207 179 2269 suspicio:
203 2213 272 2271 caput
291 2214 315 2258 et
332 2209 427 2272 jubam,
447 2210 492 2259 sed
513 2224 570 2273 quae
591 2209 632 2257 vix
655 2211 757 2285 probari
772 2219 858 2273 queat.
893 2211 979 2258 Possit
999 2212 1076 2259 etiam
1094 2211 1145 2268 <ius

50 2285 106 2320 esse
118 2286 133 2319 e
145 2272 247 2320 Sclrolio
257 2272 438 2334 Grammatici,
450 2275 507 2322 voci
517 2278 587 2336 eaput
598 2282 719 2333 ascripto,
733 2281 757 2319 ct
771 2281 828 2334 post
839 2278 908 2335 utque
926 2274 1054 2321 interiisse
1073 2275 1146 2322 aliud

51 2336 214 2385 vocabulum.
247 2337 306 2385 Hoc
319 2346 402 2386 utilem
415 2339 471 2399 quis
482 2337 605 2417 indepeti
637 2335 721 2384 Quill?
737 2336 757 2382 si
772 2338 922 2396 suspiceris:
940 2342 1010 2396 utque
1025 2339 1145 2395 monstri;

52 2408 80 2448 nt
96 2397 142 2449 int.
159 2404 249 2448 nib.
268 2399 390 2448 ‘infamis
404 2400 542 2462 juvencus,
569 2407 596 2445 et
614 2412 672 2444 mox
694 2413 730 2444 vs.
742 2401 782 2445 ts.
799 2399 979 2444 ‘monstrum'
1011 2400 1062 2447 Sed
1082 2401 1147 2449 teliu

52 2473 178 2526 prestere
197 2478 244 2524 ego
260 2466 346 2512 nolim.
381 2464 408 2510 st
426 2473 511 2523 putes,
531 2461 675 2514 Horatium,
692 2474 748 2507 cum
767 2469 835 2506 esset
852 2462 934 2512 lromo.
948 2474 1004 2507 csso
1021 2463 1068 2508 boc
1086 2464 1145 2512 loco

51 2527 159 2586 lapsum,
175 2527 290 2574 omnibus
308 2526 463 2587 conjecturis
481 2534 508 2570 et
526 2523 746 2571 emendationibus
765 2537 854 2570 carere
871 2524 1022 2585 possumus!
1039 2526 1145 2572 dsunt.—

51 2594 80 2636 21
101 2591 163 2636 Isiou
182 2591 263 2637 codex
280 2604 321 2650 ap.
338 2589 407 2637 lant.
443 2587 529 2647 Titius,
543 2587 632 2649 Tutior,
644 2587 736 2648 Tycios,
751 2586 841 2634 Tillius
860 2588 988 2635 uariantes
1004 2604 1046 2650 ap.
1063 2591 1142 2639 eund.

52 2652 135 2713 Tityos
154 2666 240 2699 omncs
260 2651 370 2698 Blaudd.
398 2650 503 2713 Cruquii
523 2651 655 2713 ceterique
678 2651 786 2713 optimi;
815 2661 843 2700 et
864 2652 900 2698 ita
921 2653 980 2700 Nic.
998 2653 1088 2700 Heius.
1107 2655 1142 2701 ad

537 2778 646 2828 NOTAE

82 2879 113 2923 21
134 2874 198 2929 Quis
218 2880 240 2922 et
261 2875 332 2922 Ixion
361 2875 485 2939 Tityosque
510 2876 576 2923 nullu
616 2883 673 2925 turn.

53 2951 130 3014 Risit]
150 2950 271 3000 Pulsante
284 2952 407 2999 citharam
419 2951 525 3013 Orpheo
538 2965 576 2999 re·
648 2957 679 3001 22
700 2952 772 3002 Stetit
795 2966 855 3002 urna
876 2955 970 3014 pontum
989 2953 1066 3012 Sicco,
1088 2951 1143 3012 dre]

51 3029 133 3076 creari
152 3027 197 3075 visi
218 3035 277 3075 stunt
297 3026 468 3091 illustresque
488 3042 575 3089 poenas
618 3027 702 3076 Darrui
725 3029 874 3093 Argivorum
900 3030 976 3088 Regis
995 3028 1053 3074 tiliae
1070 3028 1141 3073 labo·

51 3104 179 3163 oblivisci,
193 3111 221 3152 ut
237 3104 310 3152 vultu
323 3104 436 3165 quaedarn
447 3103 520 3166 sigua
532 3104 575 3152 lee-
617 3105 697 3153 riosos
720 3107 848 3154 cruciatus
871 3103 1029 3149 intermisere
1052 3101 1141 3162 paulu·

53 3180 117 3228 titiae
130 3178 259 3227 dederint.
616 3180 677 3240 lum,
688 3181 746 3227 dum
757 3184 861 3226 caneret
873 3177 1002 3238 Orpbeus.
1029 3175 1096 3222 vide
1108 3191 1141 3225 ιι.

83 3258 115 3300 22
124 3253 214 3314 insito]
227 3253 270 3300 Ob
280 3253 446 3301 acerbitatem
457 3253 575 3315 supplicii
617 3254 669 3302 Od.
683 3258 721 3301 li.
743 3254 846 3300 Lucret.
864 3266 907 3300 ιιι.
925 3257 997 3300 1021.
1015 3253 1100 3313 ‘Hoc,
1112 3264 1141 3302 ut

50 3328 178 3375 tristitiam
197 3329 333 3390 exigentis.
369 3332 408 3377 Do
425 3331 500 3390 Tityo
517 3330 575 3378 Ode
616 3329 716 3390 opinor,
728 3326 753 3374 id
771 3335 820 3385 est,
839 3342 894 3375 mro
914 3326 1023 3376 florente
1042 3330 1140 3390 puellas

52 3412 88 3446 rr.
100 3398 176 3459 liujus
191 3401 249 3447 libri
265 3403 312 3448 sub
324 3403 409 3449 finem.
443 3403 575 3452 IxiouJu-
616 3403 690 3453 Quod
717 3412 858 3451 memorent
883 3405 984 3453 laticem
1009 3414 1141 3465 pertusum

50 3472 108 3519 noni
122 3482 237 3533 stuprum
251 3474 344 3521 inferre
358 3484 465 3522 couatus
483 3476 514 3522 ad
533 3476 584 3539 ln·v
615 3493 755 3541 congerere
778 3481 803 3527 in
824 3495 877 3539 vas,
896 3481 971 3530 Quod
991 3489 1073 3525 tannen
1095 3493 1140 3524 ex-

51 3543 118 3593 feros
136 3545 222 3605 pulsus
243 3554 292 3602 est,
311 3554 337 3593 et
358 3557 421 3593 rotae
441 3549 507 3594 inter
524 3563 576 3596 scr·
616 3555 680 3616 pleri
701 3556 770 3603 uulla
791 3559 888 3604 ratione.
905 3552 1035 3616 potestur!
1070 3552 1140 3601 Hinc

51 3629 140 3685 pentes
164 3619 279 3680 alligatus
302 3622 402 3669 assidue
426 3624 577 3671 circurnvol-
615 3630 740 3677 l'rorerb.
764 3638 829 3693 optut
853 3630 937 3678 Plaut.
961 3625 1054 3673 Pseud.
1076 3641 1094 3673 r.
1114 3634 1140 3675 3.
