2408 4200
601 285 775 337 nouauit.

128 430 166 493 in
182 404 334 492 Pantheo
345 429 479 491 etatum
509 424 577 489 Dio
597 442 679 489 nrrr.
693 433 780 491 extr.
798 444 870 492 cru.
883 449 933 512 pr.
976 428 1066 495 Hac
1078 431 1189 513 prodi

131 529 345 593 occasionem
360 525 499 591 dedisse
512 525 667 591 videntur
683 544 708 590 ι.
724 529 790 592 Od.
804 529 837 593 2
852 528 929 595 licet
942 529 1155 595 manifestum
1170 535 1199 597 ei

131 615 381 693 commemorari
396 645 463 689 non
477 626 538 691 illa
553 627 639 705 ecla,
654 629 712 693 uod
733 629 829 712 plura
843 631 942 694 mmnl
957 631 1038 707 alia,
1051 650 1128 714 qum
1152 662 1157 686 ι
1189 676 1204 688 ,.

134 731 322 794 caederent.
373 726 561 809 Augustum
586 745 695 791 rerum
721 731 862 811 potitum
889 749 966 794 curn
995 748 1180 796 commone

135 829 234 894 vellet
244 827 358 912 poita,
372 833 541 910 tamquam
555 846 640 904 eun,
654 829 713 911 qui
735 829 991 911 rempublicam,
1004 830 1105 895 bellis
1117 832 1197 898 civil

135 931 199 993 bos
207 931 381 1014 jactatam,
401 928 612 992 restituturus
626 930 842 1009 eosetpbella
858 936 969 995 autem
984 931 1101 995 civilia
1113 933 1189 999 decl

133 1032 199 1094 rari
224 1029 369 1094 solerent
391 1047 450 1111 per
472 1024 554 1112 ἄγος,
570 1028 659 1111 quod
682 1030 875 1111 expiatione
896 1029 1066 1112 indigeret,
1083 1032 1204 1119 deniq

134 1129 288 1212 prodigia
302 1149 324 1193 a
336 1129 440 1211 longo
451 1129 530 1192 inde
544 1135 695 1209 tempore
707 1129 877 1193 civitatem
891 1131 976 1213 ὓναγῆ
988 1138 1023 1194 et
1035 1134 1198 1214 expiatio

136 1237 282 1311 egentem
303 1229 526 1309 indicassent3
557 1229 742 1309 Augustum
766 1248 840 1291 eum
862 1248 938 1293 esse
959 1239 1154 1311 auguratur,
1168 1256 1204 1317 q.

47 1397 53 1407 ,
135 1329 297 1414 καθαρμοῖς,
311 1330 560 1414 expiationibus
574 1327 733 1412 publicis,
746 1328 987 1411 rempublicam
1007 1330 1143 1414 piaculo
1158 1354 1199 1398 ex

135 1437 250 1495 meret.
294 1431 333 1495 ln
346 1430 470 1514 quibua
483 1429 686 1494 redeundum
710 1439 762 1494 est
783 1429 825 1492 ad
852 1430 1007 1494 notiones
1026 1438 1172 1496 veterum
1195 1462 1201 1489 t

135 1531 360 1596 calamitatum
372 1531 580 1614 publicarum
595 1548 698 1595 causa
713 1531 756 1594 ab
776 1531 826 1594 ira
847 1530 993 1593 Deomm
1015 1532 1202 1613 repetitae

137 1637 299 1714 concepto
320 1631 464 1713 piaculo,
482 1636 516 1695 et
542 1631 583 1695 dc
608 1630 808 1695 necessitate
830 1630 1067 1712 expiationum.
1112 1633 1176 1698 Pin
1202 1663 1204 1690 2

136 1749 211 1816 quae
225 1751 357 1797 carmen
372 1731 415 1796 ad
430 1732 463 1795 b.
477 1752 509 1797 a.
523 1732 641 1796 referre
656 1731 830 1808 suadeant,
845 1733 880 1794 in
896 1729 997 1795 Obsa.
1011 1734 1197 1800 monuimus

177 1833 359 1916 Ccnjurant
372 1833 406 1896 in
421 1832 607 1915 Augustum
629 1833 780 1897 Licinius
794 1831 903 1898 Varro
918 1831 1074 1898 Mnraena
1089 1846 1123 1898 et
1138 1834 1203 1900 Fa.

134 1934 209 1998 nius
223 1932 356 2015 Caepio.
399 1931 565 2014 Angustus
581 1934 614 1996 in
631 1933 780 1998 Siciliam
791 1933 861 1997 abit
879 1932 963 2016 (Dio
977 1948 1053 1995 niu.
1066 1933 1125 2013 6.),
1142 1955 1199 2000 un

135 2034 173 2096 in
195 2031 340 2095 Parthos
362 2034 567 2114 proiecturus
586 2040 730 2117 putatur.
775 2034 884 2098 Panlo
900 2039 977 2096 ante
992 2033 1075 2097 hanc
1100 2038 1204 2116 prole

137 2133 267 2197 tionem
282 2131 409 2214 scripta
422 2132 552 2196 videtur
566 2135 756 2218 1.Episi.·9.

171 2368 174 2371 -
247 2318 290 2384 U.
312 2318 351 2384 G.
372 2317 446 2384 733
483 2316 532 2382 Μ.
546 2309 689 2383 Lollius.
723 2316 767 2395 Q.
782 2316 940 2381 AEmilins
961 2317 1123 2400 lepidus.

475 2418 570 2484 nc.
586 2420 638 2484 21.
661 2418 798 2483 Horatii
813 2422 867 2503 ιι.

182 2535 312 2618 Scripta
338 2535 403 2600 boc
429 2554 516 2600 anno
539 2552 564 2601 1.
580 2535 688 2618 Epist.
708 2536 762 2600 2⁰.
805 2533 977 2619 Augustus
993 2536 1026 2599 in
1046 2534 1204 2602 Graecia..

135 2637 212 2701 binc
222 2637 257 2699 in
272 2635 411 2710 Samum
424 2635 569 2718 navigat,
585 2636 700 2718 ibique
714 2635 857 2719 byemat.
885 2635 1003 2700 Medio
1018 2656 1107 2702 anno
1123 2641 1204 2702 scri

137 2749 209 2801 tum
223 2736 331 2801 Garm-
347 2752 403 2800 ιιι.
419 2736 473 2800 29.
495 2735 539 2800 ad
565 2736 798 2813 Maecenatem,
820 2738 957 2801 absente
971 2738 1123 2820 Augusto
1143 2739 1204 2803 Ur

138 2836 341 2919 praefectum.
384 2836 471 2900 Item
485 2835 607 2899 referas
621 2835 685 2898 buc
701 2834 864 2900 (larmir.
879 2837 932 2900 13.
948 2838 1038 2919 qnod
1052 2858 1136 2903 anno
1151 2858 1204 2903 an

140 2952 197 3002 ιιι.
212 2934 243 3000 8.
258 2936 419 3018 scriptum
435 2954 523 3014 esee,
538 2943 669 3000 constat
683 2955 728 2999 ex
743 2936 840 3018 bujne
853 2957 904 2998 vs.
918 2938 950 3000 9.

248 3122 291 3186 U.
316 3122 355 3187 C.
379 3123 454 3188 734.
501 3121 551 3184 Μ.
578 3121 754 3204 Apuleius.
802 3123 842 3183 Ρ.
863 3119 966 3182 Silius
993 3122 1114 3185 Nerva.

462 3218 505 3282 A.
520 3219 559 3284 0.
574 3222 630 3284 20.
662 3220 795 3282 Horatii
809 3223 863 3299 lat.

180 3338 311 3414 Asiam,
334 3334 546 3422 Byibyniam,
563 3333 696 3415 Syriam
716 3328 886 3413 Augustus
909 3331 1030 3396 invisit.
1069 3332 1204 3398 Phraat

138 3439 234 3517 signa
248 3439 399 3518 Augusto
426 3445 460 3500 et
483 3434 635 3517 captivos
657 3431 814 3513 remittit3
837 3433 907 3498 Dio
932 3449 1006 3498 niv,
1025 3431 1057 3497 8.
1102 3433 1154 3497 Ea
1203 3464 1204 3485 ι

138 3533 328 3616 magnificis
341 3538 448 3599 verbis
464 3556 484 3600 a
499 3535 614 3600 Po'e'tis
629 3535 738 3598 ornari
755 3536 851 3603 solet.
886 3535 1083 3618 Loqnuntnr
1097 3535 1138 3598 de
1152 3533 1202 3596 Pa

137 3637 208 3702 this
223 3630 418 3717 profligatis,
432 3637 589 3711 subactis,
601 3635 749 3711 domitis,
762 3636 804 3700 de
820 3655 936 3700 everso
952 3655 1069 3698 eorum
1082 3633 1199 3716 imperi

140 3737 184 3801 de
211 3733 351 3797 Oriente
377 3731 553 3808 debellato,
577 3732 620 3796 de
640 3736 787 3798 Phraate
802 3735 947 3816 Augusti
969 3734 1012 3796 ad
1033 3733 1138 3816 pedes
1158 3753 1180 3815 p

140 3836 328 3909 cumbente,
345 3832 387 3894 ab
402 3850 505 3914 eoque
515 3833 574 3915 jus
595 3836 752 3915 regnandi
777 3835 972 3915 accipiente,
992 3837 1053 3896 icc.
1096 3832 1181 3896 Tum

141 3937 231 4003 Daci
250 3953 292 3998 ac
308 3934 482 4008 Sarmatae,
505 3933 626 4017 aliique
640 3934 721 3998 istri
736 3933 872 4006 accolae,
887 3932 1046 3996 continno
1059 3951 1197 3997 excurre

142 4046 194 4100 tes
214 4037 248 4101 in
269 4033 353 4097 fines
369 4031 540 4096 Romanos
559 4052 618 4115 per
642 4034 819 4099 lentulum
843 4031 1053 4112 coementum
1078 4033 1166 4096 Flor.
1183 4050 1193 4092 ι
