2408 4200
410 262 444 323 o.
467 260 627 310 nassau
653 258 783 311 rancor

221 405 396 487 Lencsque
410 403 473 467 sub
487 410 619 466 noctem
633 404 763 465 susurri

265 504 457 588 Composita
476 509 666 585 repetantur
682 501 782 566 bora:

180 604 283 669 Nunc
298 612 332 670 et
345 604 480 669 latentis
494 601 644 686 proditor
657 600 774 666 intimo

168 703 307 774 ,Gratas
320 704 443 788 puellas
457 704 544 767 risus
559 702 602 766 ab
618 701 754 782 angulo,

222 804 414 887 Pignasquc
430 802 602 884 dereptum
617 801 749 866 lacertis

265 903 336 967 Aut
350 903 458 985 digito
469 902 555 967 malo
568 903 737 986 pertinaci.

50 1107 149 1151 mornas
159 1102 191 1150 od
200 1106 289 1150 nomem
299 1100 406 1149 condicto
416 1098 474 1149 lraro
483 1099 690 1161 mnsohletioses.
721 1100 779 1149 durs
789 1114 877 1163 qaoque
894 1103 1015 1148 resecetur
1025 1099 1143 1158 jucundas

50 1166 227 1214 monentem
236 1164 361 1214 actm
369 1165 398 1213 ot
408 1165 496 1226 orgeto
506 1170 595 1214 usmete
605 1164 763 1214 &casdim
778 1164 898 1214 nanu..-
914 1168 983 1228 atqu
1000 1162 1085 1225 pigner
1103 1165 1143 1210 de·

51 1233 155 1279 mactem
165 1228 276 1290 brmtiis,
292 1229 330 1278 vel
337 1228 415 1289 digito
422 1242 508 1291 porum
518 1228 604 1278 tenaci.

502 1367 684 1390 Ommu

53 1475 84 1518 ru
102 1469 156 1518 Aa.
176 1475 200 1519 2.
233 1471 351 1534 Luesque
370 1471 411 1519 sal
431 1474 594 1520 noctem—21
615 1470 686 1518 Nunc
705 1476 729 1519 et
747 1470 833 1519 talenti
855 1470 908 1519 Alt.
929 1474 951 1520 l.
976 1482 1018 1531 sp.
1039 1467 1143 1519 dani.-

51 1538 83 1582 23
101 1533 175 1581 Harl.
189 1538 211 1581 1.
222 1537 247 1581 2.
259 1538 317 1583 Μ.
330 1540 354 1583 d.
372 1549 430 1583 cunr
449 1535 503 1583 allis
522 1532 609 1582 multis
629 1533 703 1581 codd.
719 1535 768 1581 Ed.
784 1549 822 1598 pr.
839 1535 946 1583 Venett.
965 1531 1072 1581 Mediol.
1083 1532 1143 1579 Vet.

52 1597 142 1643 Comb.
153 1600 201 1643 dcc.
217 1597 348 1658 direptum
366 1598 454 1646 Lamb.
473 1597 595 1646 Torreat.
616 1595 696 1659 Cruq.
715 1595 808 1646 Heius.
825 1598 913 1646 Beati.
933 1596 1045 1657 Cuning.
1064 1596 1142 1642 Baxt.

52 1657 145 1705 Sanad.
157 1659 199 1704 alii
212 1673 244 1706 ex
256 1661 361 1720 oprimis
371 1661 448 1710 codd.
458 1663 587 1722 dereptum.
621 1659 730 1722 Franeq.
742 1673 785 1721 ap.
796 1660 872 1710 Jani:
889 1660 1007 1722 direptum
1024 1673 1039 1705 a
1055 1660 1143 1706 lacerto

52 1725 95 1768 ent
106 1722 127 1769 A
139 1721 224 1780 digito.
257 1722 324 1771 Vide
337 1723 396 1773 Nic.
408 1725 500 1775 Heius.
510 1723 544 1772 ad
553 1721 634 1773 Orid.
642 1723 707 1773 Met.
720 1736 764 1772 ιιι.
772 1727 813 1772 ot.

545 1879 654 1930 Nom

81 1991 165 2055 Aren]
182 1992 251 2041 Loca
262 2006 344 2042 vacua
362 1993 488 2053 adificiis,
502 1994 578 2044 adeo·
651 1996 683 2042 2³
697 1993 834 2056 pignusque
841 1994 971 2055 dereptum,
977 1992 1031 2054 tra]
1044 1992 1146 2053 Pigrius,

51 2081 101 2131 que
113 2067 145 2115 ad
158 2067 432 2130 exercendcsjnvencs
441 2070 578 2120 destinata.
617 2069 726 2129 armilla,
737 2069 895 2128 chirotheca,
903 2069 1020 2122 annulus,
1031 2069 1080 2115 dre.
1096 2069 1146 2116 De·

54 2141 157 2203 Campus
177 2148 218 2189 est
240 2142 326 2204 ampla
344 2150 422 2192 terre
444 2144 579 2207 planities,
617 2149 717 2206 reptem,
729 2144 770 2191 vel
783 2143 815 2191 ab
833 2151 957 2200 amatore,
972 2143 1011 2190 vel
1023 2156 1038 2189 a
1051 2144 1144 2204 puella.

50 2232 107 2265 area
130 2222 249 2264 seruent
269 2217 346 2279 paulo
366 2218 444 2282 magis
462 2226 579 2284 angusta.
618 2219 712 2268 Potest
722 2219 790 2266 enirn
811 2218 920 2279 intelligi
941 2217 996 2265 lraec
1009 2216 1145 2266 abstulisse

55 2293 130 2342 Vallo.
141 2292 242 2339 Vitruv.
254 2304 274 2338 r.
286 2296 310 2339 7.
618 2292 749 2356 quidpiam
764 2293 797 2339 ab
813 2291 865 2351 illo,
884 2297 913 2338 ut
925 2290 1049 2339 redeundi
1061 2292 1144 2340 locam

85 2370 116 2414 19
143 2365 261 2426 haecque
287 2365 329 2412 sub
358 2372 449 2414 noctem
474 2365 577 2426 msurrr]
618 2367 664 2413 det
681 2365 843 2428 repetituro;
863 2365 902 2411 vel
925 2364 959 2411 ab
979 2364 1025 2411 lrac
1045 2364 1097 2423 ille,
1116 2373 1145 2411 ut

51 2439 259 2502 Colloqniaclam
269 2446 296 2486 et
306 2441 438 2487 summissa
447 2454 577 2489 vocecnm
618 2437 756 2498 referendi,
767 2447 846 2501 atque
863 2438 956 2487 iterum
975 2437 1145 2486 conveniendi

52 2520 141 2574 amics,
160 2530 218 2577 quae
242 2514 377 2562 blanditias
400 2524 427 2563 et
448 2529 577 2564 murmura
618 2527 705 2562 ansam
715 2514 831 2576 arripiat.

50 2597 181 2652 nuncupat
194 2589 309 2637 Ovidius.
649 2587 791 2651 Demptum]
808 2589 877 2636 Male
889 2589 1000 2651 quidam,
1018 2589 1142 2650 direptum.

82 2669 112 2712 tl
143 2664 214 2711 Nunc
235 2667 258 2709 et
280 2664 386 2722 lateatis,
407 2663 461 2725 isc]
492 2664 577 2712 Ludos
617 2664 685 2714 Nam
707 2663 857 2727 ‘diripere’
880 2672 920 2714 est
941 2665 1090 2726 discerpere
1117 2671 1144 2712 et

51 2738 186 2788 amatorios
200 2737 325 2785 Horatius
336 2740 467 2801 exprimit,
485 2741 511 2788 in
523 2742 577 2803 qui·
616 2738 743 2789 lacerare:
761 2741 829 2804 quod
841 2741 882 2789 bic
894 2754 946 2788 noa
956 2741 1086 2788 convenit.
1109 2740 1144 2788 At

50 2814 99 2862 bus
119 2812 219 2860 lascivae
238 2812 330 2874 puellae
352 2813 464 2861 latebras
476 2821 578 2876 petunt,
615 2813 767 2876 ‘deripere'
779 2823 819 2863 est
839 2828 941 2863 movere
958 2823 986 2862 et
1002 2829 1094 2878 rapere
1112 2814 1145 2862 de

51 2898 78 2937 et
100 2903 128 2935 se
148 2889 256 2949 cupiunt
278 2896 363 2936 tamen
387 2889 506 2951 intelligi,
527 2893 575 2938 dcc.
617 2888 683 2936 loco.
717 2888 1144 2951 Virgil.Georg.u.2ra.‘eola-

51 2965 144 3025 Virgil.
167 2963 255 3023 Eclog.
278 2975 320 3010 ιιι.
346 2967 386 3011 ot.
420 2963 512 3011 ‘Malo
534 2978 575 3011 me
616 2977 665 3024 que
678 2965 806 3024 prelorum
827 2963 932 3011 fumosis
950 2964 1040 3025 deripe
1053 2966 1147 3013 tectis.’

51 3037 163 3088 Galatea
179 3038 245 3099 petit
263 3037 358 3084 lasciva
374 3038 473 3099 puella3
492 3039 525 3086 Et
538 3036 576 3085 iu-
616 3036 717 3084 AEaeid.
737 3052 756 3086 1.
777 3043 835 3087 215.
858 3039 989 3101 ‘Tergora
1010 3038 1144 3100 deripiunt

50 3112 88 3174 git
109 3111 141 3158 ad
161 3110 262 3170 salices,
278 3117 305 3156 et
324 3123 351 3157 se
373 3110 446 3172 cupit
462 3118 522 3157 ante
540 3111 576 3158 vi·
617 3112 712 3162 costis!
730 3113 815 3162 Cicer.
833 3116 909 3162 Verr.
924 3127 961 3162 ιν.
979 3113 1143 3162 ‘Victoriam

51 3184 126 3233 deri!
152 3185 323 3232 Maximianus
344 3185 455 3246 Eleg.1.
482 3200 516 3233 vs.
538 3190 578 3236 66.
617 3187 745 3249 deripere,
766 3197 794 3237 et
813 3191 897 3238 Deam
921 3191 986 3238 Deae
1008 3188 1144 3238 detrahere

50 3259 181 3309 ‘Erubuit
204 3260 288 3307 vultus
313 3258 367 3320 ipsa
394 3259 478 3321 puella
500 3273 578 3308 meos.
617 3261 782 3310 conatuses.'

52 3337 86 3385 Et
99 3348 165 3381 urruc
182 3333 317 3381 subridens
339 3334 449 3379 latebras
468 3332 579 3396 fugitiva
651 3341 682 3384 24
702 3339 766 3385 lllole
776 3338 903 3399 pertinaci]
922 3338 972 3387 Qui
988 3338 1090 3385 simulet
1105 3353 1143 3387 re·

53 3410 174 3474 petebat:
192 3409 251 3456 Non
272 3415 356 3454 tamea
370 3406 504 3470 effugiens,
522 3416 578 3456 tota
618 3410 700 3458 tinere
714 3411 857 3473 vellequod
878 3412 927 3457 sibi
944 3410 1020 3458 adimi
1039 3413 1144 3473 gaudet,

51 3486 136 3531 latere
154 3482 256 3530 volens:
273 3481 323 3528 Sed
343 3482 423 3543 magis
441 3496 473 3529 ex
491 3482 577 3544 aliqua
617 3485 734 3543 maxime,
745 3493 774 3530 ut
793 3485 928 3544 repetendi
945 3487 1048 3534 occasio
1068 3488 1142 3535 detur

53 3557 175 3619 cupiebat
197 3564 270 3618 parte
290 3556 388 3614 videri;
415 3557 511 3604 Laetior
528 3558 576 3606 lroc
617 3572 767 3623 rursumque
780 3559 947 3607 comessandi.

53 3634 142 3692 multo,
153 3630 221 3697 quod
233 3631 298 3680 male
311 3639 380 3680 tecta
392 3630 477 3680 toret!
