2408 4200
288 267 489 319 excussus
513 273 565 321 so
590 275 797 325 osuusuuss
824 279 894 327 sss.
920 283 941 328 r.
1092 270 1159 336 28)

555 413 664 465 sose

62 521 126 570 Mihi
136 520 235 584 psriter
246 519 356 572 sufficiet
367 532 464 587 myrtus
474 527 585 591 simplex
628 536 655 580 et
666 538 737 580 srcts
750 532 810 592 site,
818 531 844 580 id
856 539 904 592 est,
913 533 960 582 sub
969 535 1115 598 psimitlbus
1127 546 1155 589 et

62 595 204 651 considenti
211 595 312 659 quidem
322 598 467 649 ethilsriter
476 601 586 664 bibenti,
627 608 754 669 pampinis
764 610 872 671 pergule
880 611 986 661 insertis
994 619 1021 661 et
1029 611 1155 670 suffultis:

62 685 112 719 non
124 677 153 719 ot
164 671 253 720 Persss
261 672 309 720 sub
319 672 431 723 lscuusri
442 677 586 738 splendido,
626 696 681 731 sosss
692 683 716 730 lo
726 684 810 734 treille.

63 746 108 794 sed
126 745 173 795 sub
190 747 250 798 ritis
263 747 423 812 umbrsculo,
434 751 482 799 suls
499 752 586 801 lsumili

393 1289 816 1404 EXCURSUS

255 1519 338 1593 Ao
378 1521 718 1603 crumruusr
759 1532 874 1608 urs.
920 1537 954 1609 r.

452 1725 514 1789 [ux
532 1727 630 1777 reuss.
647 1727 754 1792 rsus]

413 2015 728 2082 EXCURSUS
769 2020 797 2083 l.

444 2179 497 2228 ΑΙ)
516 2181 538 2232 l.
554 2182 617 2232 01).
635 2185 659 2232 l.
676 2186 765 2232 8-28.

61 2288 269 2365 Comnromsr
292 2322 340 2377 est,
359 2318 447 2368 stetim
460 2318 492 2368 sd
512 2320 622 2383 primum
635 2321 756 2381 Carmen,
777 2334 834 2384 qun
853 2319 988 2368 sttendere
1007 2317 1102 2369 debest
1120 2319 1148 2368 iu

59 2393 252 2454 elegantissimis
264 2395 332 2444 illius
345 2397 521 2460 imagunculis,
534 2400 649 2461 pluribus
666 2399 760 2448 docere
771 2399 970 2461 adolescentem,
983 2413 1033 2464 quo
1045 2404 1079 2458 et,
1090 2413 1150 2462 quse

59 2470 92 2519 de
108 2473 214 2533 picturis
232 2475 320 2537 lyricis
339 2475 458 2536 diximus,
470 2479 571 2539 planius
589 2478 744 2541 intelligere,
761 2485 788 2527 et
799 2478 902 2527 omuino
916 2493 1007 2528 seuere
1024 2491 1096 2526 suum
1114 2477 1148 2526 de

60 2550 250 2612 pulchritudine
264 2554 391 2616 judicium
408 2557 509 2606 discet:
531 2556 598 2619 quod
616 2567 643 2605 et
663 2558 695 2606 ed
717 2567 859 2608 ceterorum
878 2558 985 2611 Horatii
999 2559 1148 2609 Csrsninuns

59 2631 167 2680 virtutes
177 2640 248 2680 recte
258 2634 404 2683 sentiendas
414 2635 565 2698 adjumento
577 2637 600 2685 ei
612 2635 667 2685 fore
679 2637 799 2686 arbitror.

90 2709 203 2760 Primum
215 2712 334 2764 sdrertst
351 2717 473 2775 eulmum,
483 2724 578 2778 quanto
595 2732 652 2764 cunr
671 2717 767 2767 dilectu
780 2719 804 2766 in
815 2719 929 2783 quemvis
942 2720 1078 2780 picturum,
1089 2731 1148 2778 spe·

58 2789 117 2836 cisli
128 2788 184 2839 fere
201 2793 305 2840 notione
322 2794 442 2856 qusdsm,
456 2800 574 2857 tanquam
593 2795 669 2857 lines,
679 2798 866 2852 adumbratum,
877 2810 920 2845 cos
939 2802 1038 2844 tuntum
1050 2795 1149 2843 colores

59 2867 139 2917 Poeta
156 2871 282 2932 intulerit,
294 2887 356 2937 quos
374 2874 482 2922 maxime
500 2875 584 2924 nitere
601 2876 786 2936 intellexisset3
802 2884 832 2925 ut
847 2879 873 2925 iss
886 2876 1035 2924 sssasissiuss
1047 2873 1148 2922 eodem·

57 2961 106 3006 que
117 2948 257 3000 fortissima
268 2953 404 3016 brevitate,
415 2969 474 3018 quae
487 2955 646 3016 picturarum
658 2956 795 3018 lyricorum
813 2956 897 3016 prime
909 2954 988 3004 virtus
999 2960 1049 3010 est,
1060 2968 1146 3002 coram

56 3027 149 3076 intueri
166 3033 252 3080 omnis
272 3032 411 3083 uideamur.
444 3034 555 3089 Deinde,
577 3050 652 3095 quem
673 3031 807 3092 exquisitis
831 3039 919 3076 utetur
938 3033 1032 3086 verbis,
1052 3032 1149 3090 reique,

57 3117 131 3167 quom
143 3117 203 3156 sutc
215 3110 302 3157 oculos
313 3111 401 3165 hebet,
415 3112 626 3163 accommodetis,
635 3120 762 3168 nuoqusm
775 3107 813 3151 vel
826 3105 1000 3151 humilioribus
1010 3105 1049 3150 vel
1061 3105 1148 3153 elutio-

58 3183 145 3241 ribus;
163 3185 290 3246 quomodo
301 3199 347 3244 pro
367 3187 403 3231 rei
416 3185 539 3243 subjectus
553 3193 644 3232 nature
656 3197 723 3230 nuuc
735 3179 880 3242 magnifice,
891 3193 927 3228 rs.
936 3184 960 3227 o.
974 3184 996 3227 8.
1010 3192 1076 3228 nunc
1088 3185 1148 3229 rnol-

57 3261 125 3321 liter,
137 3277 172 3312 ss.
191 3265 230 3310 19.
246 3266 286 3310 26.
303 3276 371 3313 nuuc
389 3261 527 3320 horrende,
538 3276 575 3309 vs.
593 3266 631 3309 lo.
643 3265 683 3309 24.
702 3274 769 3307 nunc
785 3257 897 3318 heroice,
915 3273 951 3307 ss.
965 3261 1006 3307 tt.
1019 3259 1147 3322 loquetur.

56 3341 119 3388 Tum
133 3355 224 3403 magns
235 3341 361 3390 Carminis
373 3341 454 3389 virtus
465 3342 583 3388 cernitur
594 3340 618 3388 in
632 3340 755 3387 varietate
767 3345 794 3386 st
805 3338 895 3399 copia:
914 3339 973 3388 dum
986 3338 1058 3398 illud,
1072 3340 1147 3388 unice

57 3433 153 3482 smsre,
164 3420 337 3470 beatissimum
349 3436 376 3469 sc
388 3421 505 3480 credere,
513 3418 581 3485 quod
594 3419 670 3469 toties
682 3426 738 3467 eret
747 3418 951 3481 exprimendum,
962 3434 1028 3469 nove
1038 3431 1149 3479 semper,

56 3500 137 3549 crsisis
156 3500 243 3549 studio
262 3503 365 3563 proprie
380 3503 478 3551 rstionc
490 3501 574 3551 Poeta
589 3501 692 3560 extulit,
704 3508 781 3563 etque
797 3501 898 3548 ornuino
916 3500 951 3548 its
964 3499 1074 3546 variavit
1087 3511 1147 3545 con-

57 3581 186 3629 versiones
198 3588 403 3642 structuramque
415 3583 549 3631 serborum
566 3583 592 3631 in
610 3583 699 3647 quevis
714 3584 826 3644 pictura,
839 3587 867 3629 ut
883 3587 910 3628 et
928 3581 983 3627 siue
998 3578 1109 3635 fastidio,
1119 3584 1147 3625 et

55 3661 165 3714 nrsrirns
177 3674 234 3708 cnm
248 3659 381 3720 voluptate
392 3659 564 3723 novitatisque
579 3661 758 3720 sdmirstioue,
770 3674 856 3708 esrum
868 3659 959 3706 seriem
971 3657 1033 3704 satis
1045 3655 1146 3714 lougsns

56 3749 231 3789 contueamur.
266 3738 383 3801 Deuique
396 3752 498 3800 semper
515 3741 624 3802 cujusvis
637 3741 714 3789 studii
727 3741 767 3787 vel
780 3742 930 3797 venitatem,
943 3738 982 3784 sel
995 3734 1146 3790 molestiam,

57 3834 104 3869 urso
121 3822 238 3870 alterove
250 3818 328 3866 serbo
346 3819 457 3867 molliter
474 3821 560 3882 tetigit
576 3822 646 3884 quasi
664 3818 798 3866 subridens
816 3817 909 3875 l’odts,
921 3824 949 3863 ut
961 3829 997 3862 vs.
1013 3819 1037 3860 t.
1055 3817 1094 3860 18.
1104 3817 1145 3862 20.

57 3902 96 3947 Μ.
106 3904 145 3948 til.
158 3905 197 3949 27.
209 3914 269 3959 uon,
280 3912 330 3962 quo
343 3907 521 3948 contemneret
539 3916 569 3949 es
586 3901 680 3958 omnia,
692 3899 784 3961 quibus
802 3897 843 3943 elii
864 3896 930 3942 besti
949 3898 1043 3952 essent,
1055 3892 1144 3942 sedut

59 3985 95 4035 et,
106 3987 199 4040 qusutss
212 3980 248 4026 sis
261 3985 330 4026 esset
342 3977 465 4040 cujusque
476 3977 554 4026 studii
566 3979 591 4026 in
602 3978 726 4036 isontium,
734 3984 771 4035 et,
781 3981 877 4037 quanto
889 3972 1005 4034 superior
1021 3979 1088 4022 esset
1097 3988 1143 4024 sust

58 4069 89 4103 ess
102 4055 202 4118 iugenio
214 4058 317 4121 poetico
330 4058 449 4120 voluptas
461 4063 487 4105 et
498 4057 588 4120 gloria,
599 4058 721 4105 eluceret.
