2408 4200
53 260 117 332 280
410 282 442 343 n.
466 282 625 333 uonnrn
650 283 783 334 rnnccr

184 425 259 490 Neu
274 426 384 490 desint
397 428 506 510 epulis
526 446 627 502 rosae,

225 526 304 590 Neu
318 529 420 592 vivax
435 530 561 611 epium,
576 548 640 592 neu
655 529 753 591 breve
767 528 885 592 lilium.

180 625 307 690 Omnes
322 629 357 690 in
376 629 528 692 Damalin
545 635 659 712 putres

222 727 405 809 Deponent
420 729 555 808 oculos;
577 748 639 792 nec
655 728 810 793 Damalis
824 746 913 793 novo

182 827 370 891 Divelletur
383 829 544 905 adultero,

224 927 377 993 Lascivis
392 930 522 993 hederis
536 930 756 995 ambitiosior.
1099 931 1142 995 20

52 1101 116 1150 maer
125 1104 187 1150 rorte
194 1107 281 1155 eareat.
293 1118 334 1151 aree
342 1103 394 1164 npio
405 1101 531 1155 eminati,
543 1115 584 1149 aree
589 1101 676 1163 fagnei
686 1101 744 1149 lilio.
785 1102 816 1148 la
829 1099 941 1148 Damalin
952 1100 1031 1147 cuncti
1041 1099 1143 1162 defigeret

51 1173 158 1279 :rm
166 1167 276 1215 larcioor:
292 1174 319 1215 at
333 1166 444 1214 Damalis
454 1164 483 1212 ab
493 1179 551 1213 novo
562 1180 608 1214 nort
619 1166 767 1214 abstrahetur
780 1168 893 1225 ornatore,
902 1165 992 1213 dederit
1003 1163 1145 1212 mentitas

504 1304 684 1327 ‘centenno

53 1405 131 1463 malit,
141 1404 216 1454 litere
228 1405 308 1467 primu
319 1404 425 1452 minore.
457 1401 523 1449 Vide
535 1402 566 1448 ed
581 1417 617 1451 va.
628 1407 731 1452 17.-17
742 1403 860 1453 Dnmdim
871 1403 977 1452 Veneti.
989 1406 1059 1452 1477.
1071 1406 1143 1452 1478.

54 1471 127 1516 1479.
140 1473 212 1518 ttoe.
225 1469 333 1517 Locber.
346 1469 467 1516 Glarean.
477 1465 593 1514 wechel.
604 1466 693 1514 Lamb.
704 1470 782 1530 Cruq.
792 1468 909 1516 Torrent.
920 1467 1052 1516 Sclrrerel.
1060 1466 1144 1513 Bond.

53 1531 150 1591 Delplr.
158 1532 237 1579 Brut.
247 1533 302 1580 alin
310 1532 401 1580 eddet
412 1538 474 1579 vett.
481 1536 508 1577 et
515 1536 624 1576 reeentt.
633 1531 768 1586 Donatum
781 1531 826 1578 sed
837 1533 957 1593 Rutgerr.
969 1530 1146 1640 liebcrrning.

54 1593 142 1641 Bentl.
152 1593 242 1643 lones.
257 1595 327 1651 dani,
338 1594 442 1641 Mirarlr.
454 1593 676 1654 Bipont.Wetzel.
686 1592 790 1640 Wakef.
807 1601 834 1641 et
851 1595 930 1642 liidd.
943 1595 1061 1642 Damalin.
1096 1595 1118 1640 E

53 1655 170 1702 Sivrinrrn
181 1658 293 1716 dnmnlin,
309 1671 367 1702 narn
384 1671 431 1716 pro
442 1655 600 1718 appellativo
613 1656 707 1716 accipit
720 1653 828 1714 δάμαλις,
839 1658 951 1715 jannem
968 1658 1008 1704 liic
1020 1665 1047 1704 et
1059 1671 1095 1702 vs.
1106 1661 1145 1703 lt.

55 1721 160 1766 18.-18
177 1718 303 1779 Deponunt
316 1733 380 1766 unus
390 1719 549 1778 idomeneum,
561 1719 631 1779 Lips.
641 1723 666 1766 4.
687 1721 794 1768 Lother.
808 1718 916 1767 Asteris.
928 1728 955 1767 et
967 1721 1060 1768 Venet.
1073 1724 1143 1766 1492.

55 1786 120 1830 -to
138 1782 276 1831 Dioettntur
287 1783 358 1844 Lips.
369 1786 394 1832 4.

549 1862 657 1911 NOTAE

86 1961 115 2004 15
135 1958 188 2005 Neo
204 1959 283 2006 desint
300 1959 374 2021 epulis
389 1958 458 2019 rm]
477 1956 517 2006 Ad
534 1972 576 2005 eo·
618 1957 675 2018 bna,
686 1958 729 2005 nni
740 1973 767 2007 ae
780 1958 885 2007 addicet
896 1957 1024 2007 Numidae.

51 2033 127 2082 rollae
138 2047 230 2095 nempe
241 2034 366 2082 texendas
377 2048 408 2081 ex
419 2033 577 2095 epulantium
650 2034 751 2096 Putres]
769 2035 901 2095 Lasciuos,
916 2033 1021 2081 libidine
1039 2032 1143 2080 fractos.

51 2115 261 2165 moreveterum‚
275 2107 373 2156 turned
389 2108 504 2165 delicias,
524 2113 576 2153 turn
619 2110 693 2158 Peri.
711 2111 765 2157 Sui.
783 2124 808 2156 v.
821 2115 862 2158 ⁵8.
883 2108 952 2156 ‘Ille
971 2110 996 2156 in
1016 2108 1144 2156 Venerem

51 2183 186 2232 ebrietatis
206 2182 358 2232 coireendae
378 2198 464 2244 causa,
487 2190 515 2230 ut
535 2195 577 2228 no·
619 2184 769 2245 estpntris!

51 2261 104 2306 teri
123 2260 177 2321 jruu
195 2258 267 2319 etthi,
284 2268 311 2307 et
334 2273 392 2306 mox
415 2258 499 2305 dicam
517 2256 576 2304 Ode
653 2260 787 2321 Deponent]
804 2259 958 2305 Timentium
977 2264 1005 2305 et
1022 2258 1143 2317 languen-

51 2345 176 2382 xxxurrr.
617 2335 678 2382 tium
689 2334 756 2379 oculi
767 2332 862 2391 dejecti
873 2346 902 2380 nc
912 2331 1038 2392 depositi:
1052 2341 1143 2378 contra

85 2412 115 2456 16
133 2409 188 2455 Neri
207 2408 279 2455 rieux
300 2407 392 2469 apium]
413 2408 462 2453 Diu
482 2405 576 2459 virens,
617 2420 764 2453 securorum
777 2406 837 2452 elati
852 2412 878 2452 et
892 2406 964 2452 recti.
991 2405 1110 2464 Propert.
1124 2417 1143 2450 r.

50 2482 257 2544 quodqueptueu
274 2491 410 2543 propterea
428 2480 528 2536 dicitur,
545 2491 575 2523 ac
619 2485 640 2528 1.
664 2485 687 2528 ³.
707 2481 788 2526 ‘Tum
810 2480 868 2526 milii
889 2480 1029 2526 constantis
1045 2479 1142 2539 dejecit

50 2557 120 2601 inter
131 2556 276 2601 coronarioa
288 2554 364 2600 tlorea
374 2561 494 2599 censetur
508 2551 575 2612 apud
618 2557 712 2603 lumina
738 2554 830 2614 fastris,
856 2556 889 2603 Et
916 2562 995 2616 ceput
1018 2555 1142 2616 impositi·

49 2627 144 2676 Athen.
155 2627 199 2674 tib.
214 2640 263 2674 xv.
280 2628 346 2675 vide
359 2641 388 2675 tr.
401 2627 452 2675 od.
464 2632 487 2674 7.
499 2631 541 2676 ⁶24.
617 2633 709 2694 pressit
722 2631 800 2678 Amor
813 2630 937 2692 pedibus.'

83 2704 139 2751 Neu
149 2702 216 2750 breve
227 2702 312 2764 lilium]
329 2704 406 2749 Brevi
420 2702 519 2750 ‹iurant-
651 2713 680 2755 18
694 2709 745 2755 Nec
755 2707 861 2754 Domnlr'a
873 2721 930 2753 noro
942 2705 1082 2764 Die-elimat,
1090 2704 1143 2765 dre]

84 2784 113 2826 17
134 2781 221 2826 Omnes
233 2778 259 2824 in
276 2778 390 2826 Damalin
406 2783 487 2838 putres
499 2779 575 2838 Depo·
618 2782 731 2829 Damalis
741 2783 765 2830 in
775 2796 860 2829 umore
870 2788 988 2829 constans
998 2791 1023 2828 et
1032 2780 1083 2827 tidn
1091 2795 1142 2827 uon

50 2861 105 2902 nent
115 2855 202 2915 oculos]
213 2855 310 2901 Omnes
321 2855 345 2900 iu
357 2852 475 2899 Damalin
489 2855 575 2897 ocutos
618 2857 722 2903 recedet
734 2858 766 2904 nb
779 2858 853 2904 nnius
868 2856 985 2903 Numidae
998 2856 1142 2916 complexu.

50 2942 136 2975 amore
152 2929 301 2987 languentes
314 2926 438 2988 deligent,
453 2925 575 2985 condent,
616 2930 640 2975 ei
659 2931 774 2976 tenacius
793 2930 936 2987 adhaerens,
955 2944 1030 2990 qirnrn
1048 2930 1143 2977 lredern

51 3018 81 3051 ac
93 3003 171 3050 veluti
184 3004 320 3065 sepelient.
343 3002 379 3051 Αι
394 3003 447 3060 illa,
461 3010 575 3049 contom-
615 3016 686 3051 rrruro
699 3004 738 3050 vel
751 3004 843 3050 arbori.

50 3081 83 3127 tis
100 3081 258 3129 amatoribus
276 3082 368 3129 ceteris
380 3080 482 3143 quidem
495 3081 574 3128 omni·

434 3274 531 3336 ODE
569 3270 777 3336 XXXVII.

114 3404 229 3450 Alcaeum
244 3403 357 3452 imitatus
370 3404 498 3465 publicam
511 3405 628 3452 letitiam
646 3404 735 3451 indicit
746 3405 779 3451 ob
792 3405 957 3452 uoluntarium
970 3405 1077 3454 Antonii

205 3490 232 3530 et
243 3484 389 3544 Cleopatrm
403 3498 500 3542 necem,
513 3499 569 3546 quae
583 3492 691 3531 cruento
704 3483 771 3529 bello
784 3482 860 3532 tinem
873 3485 1002 3547 imposuit.

178 3595 211 3657 N
216 3611 291 3657 unc
308 3602 359 3656 ost
374 3594 561 3668 bibendum,
576 3614 659 3656 nnnc
677 3594 759 3676 podo
774 3595 877 3659 libero

80 3747 136 3791 dnm
152 3743 327 3804 compotandum
338 3747 382 3801 est,
395 3757 407 3787 o
418 3743 490 3797 socii,·
500 3740 552 3799 jnm
568 3745 649 3804 planto
659 3745 705 3791 leni
718 3751 780 3792 terre
796 3748 948 3807 permittenda
960 3755 993 3795 est
1004 3766 1010 3794 :
1022 3750 1072 3807 jum
1083 3755 1138 3794 tirn-
