2408 4200
388 250 594 298 oanuruuu
620 250 691 296 nra.
716 249 738 295 ι.
760 233 814 296 29.

270 387 351 451 Non
368 394 442 452 ante
455 387 598 450 devictis
612 386 744 449 Sabaaae
803 463 808 474 ·

251 514 256 521 ·
313 488 475 568 Regibus,
490 486 708 568 horribilique
725 487 827 552 Medo

228 588 345 653 Noctis
361 594 505 652 catenas.
550 587 713 663 Quaa'tibi
728 588 901 670 virginum,
945 592 948 596 ’

227 689 357 772 Sponso
371 692 500 764 necato,
516 688 659 751 barbara
674 689 817 752 sarneii

270 791 361 854 Puer
375 791 452 872 quis
466 807 510 852 ax
525 788 602 851 aula
617 789 749 869 capillis

312 890 366 954 Ad
382 889 536 972 cyathum
552 895 717 952 statuetur
732 888 851 965 unctis,

231 992 363 1055 Doctus
378 991 517 1072 sagittas
532 990 666 1053 tendere
681 989 814 1051 Sericas

229 1091 321 1154 Arcu
338 1089 504 1171 paternol
527 1084 602 1170 huis
615 1098 711 1169 neget
725 1088 835 1152 arduis

270 1191 402 1254 Pronus
416 1190 519 1253 relabi
534 1207 637 1270 posse
652 1190 739 1251 rivos

315 1290 502 1364 Montibus,
518 1297 553 1351 et
567 1288 711 1351 Tiberim
726 1290 866 1366 reverti3

59 1452 95 1500 ris
106 1453 215 1515 tyrannis
225 1451 294 1499 sata
303 1452 406 1499 nondum
419 1450 536 1499 subactis:
553 1456 576 1499 el
589 1451 659 1499 Medo
670 1450 820 1508 jonnidobili
832 1452 923 1498 uinculo
932 1450 1057 1509 fabricas?
1091 1449 1151 1503 eroe

59 1529 114 1562 orrn
124 1518 252 1576 puellarum
264 1515 417 1563 barbarorum
427 1516 501 1562 oense
510 1530 551 1562 suo
562 1529 642 1577 rponw
660 1514 799 1574 obsequetur
816 1515 861 1561 tibi
867 1520 876 1561 t
911 1515 970 1569 Quis
985 1528 1043 1575 puer
1054 1527 1085 1561 ss
1095 1514 1149 1561 nula

60 1577 165 1626 crinibus
180 1584 295 1636 unnmto
304 1579 407 1640 perfusis
423 1581 455 1626 od
464 1580 544 1641 poculo
561 1577 721 1641 praestrictum
738 1592 795 1625 urcu
804 1579 882 1639 patrio
893 1580 939 1625 telo
957 1578 1041 1626 Saum
1058 1576 1150 1623 vibrare

59 1641 165 1702 peritus?
197 1643 283 1704 Ecquis
294 1647 359 1691 modo
369 1642 515 1707 inficiabitur
518 1642 608 1704 fluuios
617 1641 750 1704 defluentes
760 1648 824 1690 retro
828 1642 893 1700 ferri
903 1644 934 1689 od
945 1642 1149 1700 altisonantiam

513 1763 692 1788 ”menone

58 1847 124 1895 Vide
136 1848 216 1898 Obss.
228 1850 305 1900 Misc.
319 1859 380 1899 torn.
392 1865 433 1900 vr.
447 1867 472 1912 p.
484 1855 590 1899 θεῶ-4
608 1850 696 1898 Bentl.
716 1850 803 1897 mallet
823 1849 951 1906 horribilis,
964 1850 1003 1896 vel
1014 1847 1148 1908 horribiles,

60 1926 110 1972 quo
122 1912 269 1961 detraheret
281 1915 414 1975 epitheton
427 1917 541 1972 Medo,et
553 1922 696 1976 apponeret
706 1915 739 1974 τῷ
749 1919 850 1967 cornus,
859 1912 1061 1972 improbantibus
1070 1912 1148 1959 Baxt.

62 1981 89 2020 et
100 1975 169 2024 lani.
197 1977 318 2024 horribiles
329 1978 425 2025 dedere
446 1978 623 2037 Fursteoburg
635 1984 661 2024 et
673 1975 800 2024 ludu-s
822 1976 895 2022 With.
904 1982 930 2021 et
943 1975 1045 2035 quidam
1058 1975 1100 2021 alil
1111 1990 1149 2021 cu-

61 2042 145 2085 tenort
163 2040 268 2088 lorber.
279 2048 306 2087 et
316 2042 409 2089 Vener.
424 2045 495 2089 1⁴92.
510 2042 569 2096 Qua
581 2048 599 2089 t.
612 2057 634 2088 o.
647 2040 688 2104 Sp.
699 2046 780 2087 necato
791 2037 915 2099 (barbaro)
925 2034 1030 2084 serriet?
1041 2037 1149 2084 Asnaus.

62 2105 159 2148 uculo:
176 2102 291 2149 barbaro:
308 2107 410 2152 sarriet?
427 2112 455 2151 ut
470 2105 519 2152 sit:
537 2107 603 2156 Quae
624 2104 671 2151 tibi
688 2105 759 2163 virgo
781 2103 890 2148 serviet?
925 2101 1039 2147 Barbara
1057 2099 1151 2146 erit.-

64 2166 77 2209 7
98 2164 202 2212 Ascani.
211 2175 237 2212 et
248 2167 360 2215 Mancia.
394 2169 461 2215 Puer
471 2169 524 2229 quis
533 2185 553 2216 e.
564 2185 586 2216 o.
598 2168 692 2215 sinens?
708 2175 735 2213 ut
755 2163 874 2226 respond.
886 2165 977 2212 Doctus
987 2163 1100 2222 sagittus,
1111 2165 1152 2223 lyr.

64 2230 127 2274 —12
144 2227 254 2290 Cuuiug.
265 2238 291 2278 et
301 2230 396 2279 Sanad.
407 2248 435 2279 uc
449 2231 623 2280 liberio-lt
641 2231 728 2278 Betiti.
742 2230 796 2276 vult
810 2228 902 2287 nobilis,
914 2227 983 2290 qnod
1002 2227 1027 2274 iu
1040 2227 1151 2289 antiquis

552 2355 659 2404 NO'l'lE

91 2469 107 2511 t
126 2464 286 2526 lion-riuique
297 2467 381 2530 Medo]
394 2467 467 2516 Medi
480 2465 584 2514 terribi·
626 2466 762 2516 Memmius
771 2467 888 2516 etiamad
898 2468 1019 2531 cyathum
1028 2472 1056 2514 et
1065 2465 1149 2514 vinnm

62 2538 98 2586 les
111 2539 230 2587 Romanis
246 2541 279 2588 ob
297 2556 391 2590 cenom
409 2543 443 2591 ab
461 2543 497 2589 eis
509 2541 585 2590 Cras·
626 2541 761 2592 Nicomedi
776 2544 878 2591 stetisse
896 2543 1002 2606 objecit,
1019 2557 1077 2591 cnm
1093 2543 1151 2590 reli·

62 2627 126 2673 sum,
137 2612 301 2677 fugatumque
310 2616 458 2666 Antonium.
480 2617 517 2664 At
527 2622 586 2677 post
627 2617 682 2677 quis
693 2619 811 2678 exoletis,
823 2619 899 2680 pleno
912 2617 1049 2677 convivio(
1061 2619 1111 2664 dic.

62 2687 131 2735 bella
142 2688 226 2736 civilia
238 2691 321 2737 missis
336 2692 368 2739 ad
387 2692 529 2754 Angustum
548 2691 584 2738 le·
656 2695 672 2738 9
689 2692 887 2754 Doctusrogittos
896 2697 989 2743 tendere
998 2694 1092 2742 Sericus
1103 2694 1151 2741 Ar·

64 2763 131 2823 gatis
149 2764 296 2812 mitioresse
308 2766 483 2813 ostenderunt.
517 2764 585 2812 Vide
624 2767 771 2831 eupolemo]
795 2771 869 2818 More
886 2770 972 2830 patrio
984 2767 1101 2814 eruditus
1112 2781 1152 2813 sa·

64 2850 141 2898 supra
153 2837 203 2883 0d.
222 2851 251 2884 rr.
264 2852 301 2883 vs.
321 2839 367 2885 nlt.
396 2839 495 2888 Grecis
507 2839 584 2887 etiarn
624 2844 700 2903 gittas
712 2860 776 2904 arcu
787 2855 919 2908 torquere,
931 2844 1037 2905 perinde
1047 2856 1076 2889 nc
1088 2841 1151 2888 Par·

46 2909 171 2959 infestos
183 2911 317 2960 dicebatur
334 2913 470 2962 Medorum
487 2915 585 2962 exerci·
624 2919 671 2980 tbi,
692 2920 773 2973 Medi,
794 2920 887 2983 aliique
907 2919 1065 2973 orientales,
1083 2919 1151 2966 inter

61 2992 112 3034 tus.
130 2987 244 3050 Theogu.
254 2987 358 3049 στρατὸν
369 2990 481 3053 ὑβριστὴν
491 2989 584 3047 Μήδων.
623 3009 686 3055 qiior
698 2995 773 3038 Seres
786 3002 960 3041 numerantur.
994 2994 1062 3040 Vide
1073 3008 1151 3052 supra

91 3065 105 3107 7
124 3063 187 3110 Puer
203 3066 299 3124 quises
313 3069 377 3127 aulo,
392 3068 446 3127 tun]
464 3067 521 3115 Liv.
540 3067 585 3112 lib.
627 3067 690 3112 Not.
703 3063 756 3111 (ld.
768 3077 819 3110 ιιιι.
834 3081 870 3112 vs.
887 3072 927 3112 56.
944 3066 976 3111 ad
989 3078 1077 3111 rocem
1090 3065 1151 3112 ‘Se-

63 3145 128 3179 xsv.
145 3137 241 3182 ‘l'neri
260 3140 322 3196 regii
342 3140 410 3196 apud
430 3139 586 3184 Macedonas
628 3136 685 3183 ras-¹

64 3204 222 3251 vocabantur
238 3208 383 3266 principum
402 3208 475 3252 liberi
496 3209 527 3252 ad
541 3208 586 3252 mi·
662 3212 691 3253 111
709 3209 799 3255 Ardur's
818 3209 908 3255 Pronus
922 3209 996 3257 relabi
1009 3225 1075 3271 posse
1089 3213 1151 3262 rloos

63 3279 196 3327 nisteriunr
216 3277 394 3338 regiseiecti!
426 3279 588 3325 ltnueteres
629 3281 763 3344 Montibus]
782 3283 886 3330 Sursum
901 3281 980 3331 fluere
997 3283 1029 3331 ad
1045 3294 1154 3344 orontes,

63 3355 178 3416 opulenti
195 3369 288 3416 pueros
305 3352 418 3415 egregiae
436 3351 525 3400 forna
544 3352 589 3398 nri·
628 3371 643 3404 e
661 3356 754 3420 quibus
771 3357 896 3407 defluunt.
926 3358 1053 3407 Proverb.
1066 3358 1152 3411 Grac.

64 3432 159 3478 nistros
169 3431 216 3477 sibi
229 3429 423 3494 conquirebant,
434 3430 496 3477 item
509 3442 587 3490 gene·
628 3431 674 3480 ἄνω
694 3435 812 3492 ποταμῶν,
833 3449 884 3497 quo
905 3434 1065 3498 significatur
1082 3442 1153 3483 natir-

64 3507 97 3551 ris
116 3506 236 3552 claritate
255 3505 418 3566 conspicuos.
453 3505 533 3552 Patet
554 3518 587 3551 ex
628 3509 789 3557 raeordinem
809 3510 913 3558 inverti.
946 3511 1151 3557 loitiuuiauteor

65 3584 265 3644 llaoiel.cap.i.
289 3581 461 3631 Atheninti.
483 3583 585 3643 ‘Cayiib
626 3592 665 3633 est
678 3599 765 3632 versus
778 3585 906 3646 Euripidis
926 3588 951 3632 in
971 3584 1082 3630 Medea:
1109 3587 1150 3646 qtii

63 3659 94 3705 lis
108 3658 209 3716 unctis‚'
226 3657 257 3703 ad
277 3657 398 3718 majorem
414 3658 542 3705 lasciviam
559 3666 585 3705 et
625 3661 662 3708 sic
674 3660 840 3708 liabet1¹ituo
851 3663 961 3718 ποταμῶν
973 3661 1038 3718 lapda
1050 3663 1152 3720 Χωροῦσι

62 3735 197 3781 luxuriant.
231 3731 297 3778 Vide
315 3744 346 3778 ιι.
366 3730 418 3779 Od.
438 3735 462 3778 t.
482 3736 505 3778 8.
524 3732 584 3781 Not.
626 3735 709 3795 παγαί·
736 3736 835 3782 Sursum
847 3735 975 3796 fluminum
988 3748 1106 3781 sacrorum
1112 3736 1150 3795 se-

63 3810 109 3856 ‘ad
135 3808 254 3869 cyrillium
276 3804 422 3859 statuetur,'
443 3805 587 3866 pocillator,
625 3816 711 3858 rantur
713 3810 802 3866 fontes.
821 3810 898 3857 Ouid.
911 3809 1019 3857 Heroid.
1033 3810 1151 3869 Epistv.

64 3887 104 3944 qui
118 3882 233 3944 epulanti
247 3880 290 3926 riui
305 3881 389 3927 viuum
401 3880 500 3929 fundat.
517 3882 587 3929 Nota
627 3890 667 3931 31.
683 3884 816 3943 ‘Xnutlre,
830 3891 901 3930 retro
915 3897 1042 3946 propera,
1060 3899 1151 3935 versae·

66 3957 147 4006 subula
158 3959 189 4005 de
202 3953 420 4017 Gauymedelovi
431 3955 461 4000 ad
474 3957 586 4016 cyathos.
625 3973 674 4021 que
689 3958 812 4004 recurrite
829 3958 956 4019 lympha!
1046 3964 1049 3969 '

68 4033 171 4081 Suetou.
190 4034 243 4083 lul.
257 4033 322 4079 Creo.
336 4044 392 4090 cati.
405 4035 444 4076 tu.
468 4031 535 4078 ‘Sed
554 4033 583 4079 C.
