2408 4200
362 867 416 965 J.
469 867 543 957 Μ.
595 866 996 962 GESNERI

492 1149 882 1226 PRAEFATIO.

146 1675 265 1767 Anno
280 1702 325 1767 ab
346 1698 499 1765 omnibus
519 1697 597 1761 inde
620 1698 757 1761 seculis
779 1700 964 1779 sategerunt
983 1695 1075 1762 circa
1097 1697 1204 1764 Hora

146 1801 261 1868 Flacci
271 1801 417 1882 Eologas
430 1797 580 1877 Librarii,
595 1795 812 1880 Interpretes,
821 1796 947 1883 critici,
958 1807 997 1864 ut
1013 1801 1124 1883 possit
1136 1801 1180 1865 bo
1189 1830 1204 1854 ··

146 1899 296 1983 diligens,
309 1901 364 1964 cni
376 1897 599 1963 Bibliothecae
612 1902 765 1980 pateant,
786 1898 885 1964 facile
899 1900 1019 1965 librum
1032 1901 1200 1966 mediocre

147 2003 203 2077 rel
217 2002 290 2066 sola
302 1998 402 2082 hujus
417 1999 535 2064 Poeta
547 1998 732 2063 enarranda
746 1999 902 2064 Historia
913 2001 1057 2066 literaria
1071 2002 1204 2084 implet

193 2100 240 2162 Et
254 2105 378 2173 nmen,
394 2100 483 2179 qnod
497 2101 567 2160 sine
579 2099 700 2180 injuria
714 2100 912 2183 cujusquam
924 2100 1067 2164 hominis
1078 2100 1204 2182 simp·

151 2204 266 2282 terque
291 2197 416 2261 dictum
441 2197 603 2276 volumus,
626 2197 838 2263 desideratur
861 2218 883 2263 a
904 2199 1017 2262 multis
1040 2198 1116 2263 inde
1148 2228 1198 2254 2..-

150 2297 264 2364 Editio
279 2318 356 2383 qnoe
368 2297 511 2382 primum
525 2299 628 2363 verba
643 2296 814 2377 Auctoris,
829 2306 993 2381 quantum
1012 2304 1135 2382 potest,
1155 2301 1190 2363 in

149 2417 206 2481 gra
219 2405 322 2480 etque
345 2398 524 2462 emendata
540 2406 765 2481 repraesentet,
783 2419 888 2482 neque
919 2399 1100 2483 superioris
1133 2426 1158 2455 σι
1192 2427 1198 2455 ι

150 2498 208 2562 riei
221 2498 316 2562 vitiis
329 2496 474 2576 horrida,
492 2515 601 2581 neque
623 2497 739 2563 eadem
763 2507 920 2584 corrupta
943 2508 978 2564 et
999 2501 1197 2585 interpolata

152 2595 295 2664 criticis.

192 2696 294 2774 Quod
306 2705 343 2762 ut
350 2696 499 2782 judicari
519 2697 642 2764 melios
662 2701 782 2782 possit,
797 2701 900 2784 adjici
916 2703 1076 2786 optabam
1088 2701 1204 2768 Varie

153 2803 223 2860 tem
242 2796 422 2876 Lectionis,
445 2798 517 2863 sive
541 2799 753 2883 abantiquis
778 2802 922 2868 librariis
946 2823 989 2868 ea
1014 2803 1166 2887 prolecta
1191 2832 1199 2860 ;

154 2896 226 2961 sive
250 2916 272 2962 a
294 2899 510 2963 recentiorum
531 2899 702 2964 hominum
714 2901 850 2967 invecta
863 2904 1020 2985 ingeniis,
1033 2922 1100 2968 non
1115 2925 1161 2970 oo
1179 2933 1184 2962 ι
1199 2932 1204 2959 ³

152 2996 240 3061 illam
256 2998 404 3080 quidem,
422 2997 514 3081 qnod
535 2997 698 3064 inlinitum
719 3006 784 3078 est,
806 3008 839 3067 et
859 3003 895 3065 in
915 3003 1017 3081 libro,
1038 3006 1170 3087 qualem
1199 3030 1204 3057 ι

153 3094 383 3176 describimus,
405 3116 473 3161 non
493 3100 728 3177 necessarium,
749 3100 808 3162 sed
830 3118 917 3177 eam,
941 3119 1018 3186 quae
1040 3101 1095 3166 vel
1117 3105 1202 3164 sent·

154 3198 236 3261 tiam
258 3197 391 3273 Poetae,
408 3195 462 3260 vel
484 3201 629 3260 veterem
654 3196 931 3280 Orthograpbiam
952 3203 1065 3276 mutet,
1083 3199 1137 3263 vel
1158 3198 1202 3263 ali

153 3296 370 3362 memorabile
384 3296 520 3381 babeat,
535 3295 629 3378 qnod
648 3315 713 3360 non
726 3297 873 3378 ignorare
886 3298 971 3363 velit
987 3299 1107 3384 aliquis
1121 3299 1196 3363 med

157 3398 252 3458 criter
272 3396 390 3461 horum
416 3396 603 3462 studiorum
624 3399 790 3464 curiosus.
834 3397 926 3464 Nam
941 3400 1001 3482 qni
1015 3401 1117 3482 plane
1131 3400 1190 3460 se·

158 3493 328 3572 dedidere,
350 3498 403 3561 his
427 3498 507 3563 nihil
528 3498 664 3565 nimium
680 3507 746 3565 est.
788 3498 869 3565 Hoc
883 3501 984 3582 igitur
1008 3500 1186 3562 altemme

43 3634 48 3643 -
157 3593 252 3676 qnod
269 3595 490 3675 requirebam.

202 3694 356 3776 Denique
372 3714 449 3758 cum
463 3697 608 3780 plurimi,
622 3698 701 3782 quin
724 3699 874 3781 plerique
888 3699 955 3761 sint
971 3695 1167 3761 Horatianae
1184 3716 1202 3760 e

159 3795 291 3910 gamntiae
299 3795 455 3872 studiosi,
470 3799 528 3913 qni
551 3801 602 3863 vel
624 3820 685 3883 per
706 3803 851 3876 aetatem,
874 3798 928 3860 vel
950 3816 1011 3877 per
1025 3813 1200 3877 quaecum
