2408 4200
428 769 997 861 TESTIMONIA

512 1048 591 1127 DE
633 1048 903 1126 HORATIO.

563 1306 867 1322 -ιρ

480 1527 624 1594 Ovidius
640 1541 692 1589 lv.
705 1515 809 1594 diist.
824 1525 877 1591 10.
892 1527 946 1592 49.

292 1645 337 1709 Et
352 1647 455 1709 tenuit
467 1651 599 1709 nostras
614 1663 806 1708 numerosus
819 1643 980 1708 Horatius
994 1662 1103 1721 aures,

338 1748 425 1810 Dum
438 1747 515 1813 ferit
531 1746 685 1813 Ausonia
698 1747 846 1810 carmina
861 1746 950 1811 culta
965 1746 1046 1829 lyra.

533 1939 713 2005 Petronius
730 1957 806 2023 cap.
823 1937 897 2001 118.

208 2057 380 2121 Homerus
404 2057 509 2134 testis,
531 2065 565 2122 et
592 2057 716 2143 Lyrici,
742 2056 985 2138 Romanusque
1015 2054 1189 2149 Virgilius,

162 2157 306 2226 Horatii
322 2156 455 2221 coriosa
470 2157 620 2224 felicitas.

538 2336 676 2403 Persius
694 2338 804 2402 1.Sat.
821 2335 895 2400 116.

290 2456 397 2521 Omne
411 2457 505 2520 vafer
518 2456 636 2519 vitium
651 2456 769 2521 ridenti
786 2455 928 2520 Flaccus
945 2452 1054 2518 amico

288 2558 420 2638 Tangit,
435 2563 468 2622 et
480 2556 647 2621 admissos
661 2559 784 2622 circum
801 2557 987 2640 praecordia
1002 2555 1098 2633 ludit,

289 2658 440 2723 Callidus
455 2677 603 2722 excusso
617 2658 782 2741 populum
798 2657 998 2742 suspendere
1014 2676 1106 2721 naso.

542 2847 770 2926 Quintilianus
784 2868 819 2914 x.
842 2849 873 2914 1.

205 2963 312 3029 Multo
328 2971 379 3029 est
396 2966 514 3029 tersior
533 2983 573 3028 ac
596 2984 701 3046 purus
717 2966 825 3046 magis
842 2965 1018 3039 Horatius,
1032 2971 1064 3029 et
1078 2966 1122 3029 ad
1135 2974 1195 3029 not

161 3064 223 3127 dos
237 3065 403 3129 hominum
419 3084 526 3128 mores
540 3067 733 3148 praecipuus
746 3110 774 3127 ..
787 3064 1016 3144 ..Lyricorum
1035 3065 1123 3125 idem
1144 3065 1202 3127 Ho

159 3168 227 3230 tius
242 3167 310 3233 iere
324 3167 419 3230 solus
433 3165 498 3245 legi
513 3166 640 3244 dignus.
686 3165 777 3227 Nam
798 3169 833 3226 et
853 3161 992 3240 insurgit
1011 3160 1202 3240 aliquando,

157 3268 278 3350 plenos
292 3276 346 3332 est
355 3264 576 3350 jucunditatis
588 3272 623 3328 et
639 3263 767 3346 gratiae,
783 3268 816 3326 et
835 3261 937 3328 aeriis
957 3260 1069 3344 figuris
1091 3265 1126 3325 et
1146 3280 1201 3327 ver

159 3367 351 3432 felicissime
366 3367 488 3432 audax.

200 3549 240 3614 C.
257 3549 355 3612 Cilnii
373 3553 565 3620 Maecenatis
581 3555 951 3640 Hendecasyllaborum
967 3553 1173 3635 Fragmenta
1183 3576 1199 3604 ιι

473 3675 528 3737 ap.
541 3657 657 3721 isidor.
681 3657 773 3737 Orig.
790 3672 876 3719 xix.
890 3655 946 3719 32.

294 3773 470 3847 Lucentes,
485 3791 561 3835 mea
576 3775 656 3849 vita,
672 3791 734 3834 nec
749 3770 956 3851 smaragdos,

292 3873 447 3955 Beryllos
462 3872 552 3947 mihi,
567 3873 701 3947 Flacco,
714 3891 774 3934 nec
788 3871 938 3944 nitentes,

292 3973 364 4037 Ncc
380 3972 595 4056 praecandida
610 3974 788 4055 margarita
802 3990 917 4052 quaero
930 3992 938 4049 ;
