2408 4200
381 263 589 312 osuurrruu
616 261 690 308 nro.
715 261 753 308 rr.
775 247 829 310 14.
1085 246 1151 312 333

228 406 422 488 Composuit
435 404 537 483 unda,
552 403 684 469 scilicet
698 405 866 482 omnibus,

226 507 441 589 Quicumque
452 510 549 572 terrae
565 525 699 571 munere
715 507 893 584 vescimur,
920 567 922 571 ,
1107 510 1151 573 10

269 607 496 690 Enariganda,
513 608 585 671 sire
599 627 691 690 reges

315 711 395 775 Sive
410 710 530 792 inopes
543 708 668 774 erimus
683 709 805 773 coloni.

226 813 367 877 Frustra
381 819 520 876 cruento
537 809 647 881 Marte
663 811 864 888 carebimus,

55 1009 173 1056 tmudo
183 1008 284 1061 canutio
311 1010 409 1070 solquot
418 1004 660 1068 soldursrqilus
669 1007 770 1061 telluris,
779 1006 952 1070 mpetum.
960 1022 1000 1056 m
1009 1006 1078 1068 ogeru
1085 1006 1154 1067 agri·

56 1072 250 1132 eoloefueriusss.
310 1070 461 1121 lstimiimus
477 1071 594 1120 erem
608 1072 786 1132 augmento
799 1073 889 1127 diario
901 1073 998 1122 etillisn
1008 1073 1071 1120 ands
1082 1070 1155 1120 mods

519 1205 701 1227 ”eunoun

58 1319 147 1356 omnes
161 1305 233 1355 lissi.
241 1304 296 1364 alil,
305 1312 333 1353 et
340 1302 401 1354 edd.
412 1303 468 1353 fere
480 1311 591 1354 recenti.
604 1305 758 1416 exquisitior
769 1303 850 1354 forma
862 1319 894 1353 ex
907 1303 1095 1368 Papulae—1⁰
1108 1305 1157 1352 Cu·

53 1370 139 1432 jusque
148 1375 221 1420 serra
228 1368 311 1418 Brod.
323 1370 543 1418 mannaseseimsr
553 1370 636 1417 Wake
651 1403 659 1417 .
671 1383 746 1428 quem
758 1370 817 1418 vide
826 1369 930 1432 insylr.
944 1369 1010 1417 Cris.
1019 1375 1085 1417 seut.
1097 1371 1155 1416 141.

59 1438 124 1484 -1s
132 1435 236 1484 Frustra
246 1449 261 1483 u
272 1439 366 1483 menso
372 1433 412 1481 Μ.
423 1433 553 1482 osoribus
564 1433 667 1482 emend.
676 1433 796 1482 Wnddel.
808 1433 894 1481 sinim.
904 1432 969 1483 Crit.
981 1448 1005 1496 p.
1013 1436 1054 1481 44.
1066 1432 1155 1481 cmii·

560 1568 667 1619 NOTAE

60 1680 105 1730 det
115 1682 246 1731 sententis
258 1680 590 1744 Palephntiassereutis,e
629 1682 759 1745 semelque
778 1681 864 1730 editos
883 1680 992 1730 sustinet
1010 1694 1158 1743 semper...

58 1757 210 1807 Trienrenis
228 1759 260 1808 sd
276 1760 388 1807 Pontum
405 1758 534 1807 Euxinum
552 1757 590 1806 in·
630 1759 686 1807 sola
697 1773 755 1822 quie
766 1772 898 1822 nunquam
914 1757 1042 1806 irascatur
1052 1758 1157 1806 homini.

59 1833 114 1883 suls
130 1833 280 1897 Geryonem
298 1832 388 1889 fuisse,
400 1831 517 1897 adeoque
533 1831 589 1880 Tri·
629 1833 712 1898 Aquae
732 1835 844 1883 subeunt
862 1835 889 1882 lu
905 1833 1009 1895 imbres,
1027 1834 1160 1895 rigescunt

60 1922 182 1957 carenum
194 1923 201 1968 ς
214 1916 241 1958 et
251 1922 284 1958 ex
297 1907 418 1972 ambigna
429 1909 500 1957 vocis
511 1908 591 1970 signi·
630 1910 656 1959 in
676 1910 825 1974 grandines,
844 1915 993 1959 tumescunt
1010 1908 1036 1956 iu
1056 1906 1159 1968 fluetus,

59 1981 181 2032 fiestioue
191 1983 334 2047 tricipitem
343 1999 374 2033 so
383 1984 491 2049 proinde
499 1984 591 2032 tricor·
630 1986 829 2049 praecipitantur
842 1986 867 2034 iu
876 1993 1013 2034 torrentes.
1030 1983 1084 2032 Aer
1095 1983 1159 2031 den·

62 2058 271 2121 posemdictum.
631 2069 704 2111 sntur
724 2061 845 2121 nubibus,
865 2059 929 2108 furit
949 2059 1080 2122 procellis.
1122 2057 1159 2107 At

93 2137 109 2182 8
130 2133 228 2197 Tityon]
258 2134 284 2183 is
306 2133 373 2184 mole
396 2136 511 2198 corporis
534 2135 592 2199 plus
631 2138 686 2184 brec
699 2136 819 2198 benigna,
835 2136 913 2197 mitis,
929 2134 1073 2196 indulgens,
1090 2149 1160 2183 usus·

62 2223 138 2273 quam
149 2209 287 2272 Gigantas
298 2209 392 2272 l'ertur,
402 2211 471 2275 quod
484 2214 591 2261 Latona
631 2227 682 2277 que
701 2212 846 2260 mortalium
865 2225 968 2272 semper
987 2212 1091 2272 aneilla,
1102 2226 1159 2274 quae

61 2285 113 2334 vim
124 2283 221 2334 inferre
233 2293 369 2348 tentasset,
381 2287 413 2335 sb
422 2286 543 2349 Apolline
553 2301 592 2335 ss·
631 2297 721 2337 coacta
734 2295 838 2350 generat
850 2287 856 2333 t
876 2301 934 2349 qua
951 2294 1044 2348 sponte
1060 2285 1159 2336 fundit!

62 2360 133 2424 gillis
146 2367 233 2410 trusus
250 2361 281 2410 nd
300 2360 411 2417 hieros,
429 2363 473 2412 ubi
489 2364 592 2412 vulture
632 2379 695 2428 quos
711 2364 804 2412 odores
822 2364 993 2427 saporesquel
1018 2378 1081 2426 quos
1102 2378 1161 2412 sue·

55 2436 133 2500 jecur
154 2445 284 2500 perpetuo
305 2451 442 2486 renascens
463 2438 593 2487 exedente
632 2441 690 2489 cos!
708 2455 782 2504 quam
796 2439 863 2488 bonu
871 2438 921 2486 fide
938 2438 1066 2486 creditum
1076 2437 1161 2487 frenus

62 2511 211 2561 etlauiente
221 2519 364 2576 torquetur.
388 2513 593 2576 VirgiilEneid.
633 2516 732 2565 redditi
762 2532 820 2580 quae
839 2514 1161 2575 uostri·caussaiit‚'&c.

64 2598 103 2634 vr.
119 2590 176 2634 595.
196 2587 275 2635 ‘Neo
291 2603 343 2635 non
360 2596 387 2638 et
396 2590 501 2652 Tityon,
515 2600 592 2639 terrm
632 2607 689 2657 qum.
701 2593 767 2654 lege.

64 2659 250 2722 omniparentis
256 2661 514 2724 alumnum,Ce1·nere
524 2674 593 2716 erat:
665 2673 694 2717 ll
710 2666 877 2729 Eoooigondo]
891 2667 962 2715 Mors
975 2667 1091 2715 omnibus
1102 2667 1162 2716 sub·

65 2750 113 2798 per
135 2741 190 2783 tots
211 2750 304 2785 novem
324 2739 365 2787 eni
384 2739 479 2803 jugeru
499 2756 594 2804 corpus
633 2745 733 2804 eundu3
746 2742 1162 2792 mortalicuilibetest‘calcanda

64 2809 228 2872 Porrigitur3
247 2821 383 2877 rostroque
403 2816 521 2864 immanis
541 2818 595 2864 vul·
633 2821 713 2868 semel
726 2821 767 2868 via
782 2818 845 2880 leti,'
866 2825 896 2866 nt
914 2818 996 2866 estin
1017 2831 1038 2865 1.
1050 2817 1109 2866 Ode
1120 2821 1161 2866 28.

66 2893 109 2935 tur
118 2886 220 2935 adunco
232 2887 380 2938 immortale
387 2891 464 2954 jecur
475 2894 598 2954 tundens,
634 2895 699 2958 Styx
718 2897 842 2943 tranando
855 2901 881 2942 et
898 2897 906 2920 ‘
920 2893 1091 2955 enaviganda¹
1105 2907 1163 2940 veo·

66 2959 238 3025 foecundaque
255 2964 336 3026 poenis
349 2966 466 3028 Viscera,
478 2970 596 3018 rimatur·
635 2978 691 3019 tore
703 2967 731 3020 et
744 2973 871 3034 portitore
889 2971 1028 3030 Charonte,
1040 2968 1083 3032 qui
1093 2968 1101 2995 ‘
1111 2967 1163 3016 ser·

65 3052 116 3103 que
127 3038 220 3101 epulis,
231 3040 384 3103 habitatque
402 3043 448 3090 sub
465 3045 517 3092 aito
528 3046 597 3094 Pec-
635 3047 741 3108 rugines
763 3046 901 3094 subvectat
923 3057 1032 3105 corporo
1051 3042 1164 3106 cymba!

65 3120 137 3164 tore:
162 3130 211 3164 nee
231 3114 304 3164 libris
323 3116 425 3181 requies
445 3117 523 3166 dator
545 3122 597 3168 ulla
635 3119 841 3183 virgitffineid.
854 3131 892 3167 vr.
919 3116 987 3166 Vide
1001 3119 1084 3168 locum
1097 3135 1111 3167 a
1124 3133 1163 3167 vs.

68 3192 185 3261 renatis!
635 3200 693 3244 295.
706 3197 738 3243 ud
751 3199 807 3243 31⁷.

99 3271 116 3317 9
129 3267 204 3317 Tristi
216 3269 346 3330 Compescit
357 3271 431 3334 sudu]
446 3271 555 3322 Detinet
570 3271 596 3321 in
669 3272 726 3320 Siue
742 3286 818 3333 reges,
828 3272 878 3319 siue
888 3271 979 3333 inopes]
999 3271 1065 3318 Vide
1078 3283 1097 3317 r.
1110 3269 1162 3318 Od.

67 3341 173 3404 inferis,
184 3350 212 3391 et
226 3345 329 3394 coercet
349 3347 417 3395 uuds
432 3349 534 3412 Stygia,
550 3364 596 3396 sen
636 3350 660 3394 4.
673 3354 700 3394 et
711 3350 752 3394 is.

68 3416 164 3482 palude
176 3418 221 3466 ilia
231 3416 335 3468 horrida
345 3428 372 3470 et
385 3423 552 3484 irremeabili,
563 3423 596 3472 de
670 3426 700 3469 13
719 3422 821 3470 Frustra
830 3426 925 3469 cruento
935 3421 1017 3469 Morte
1027 3419 1166 3478 carebimus,

68 3511 120 3560 qna
137 3494 230 3557 virgil.
251 3492 350 3543 AEueid.
366 3512 404 3544 vr.
418 3503 476 3547 138.
493 3500 595 3550 ‘Quum
634 3496 686 3560 iso]
704 3498 791 3546 Nihilo
803 3498 887 3545 secius
901 3499 1047 3557 moriemur,
1058 3493 1107 3543 etsi
1119 3490 1164 3539 ab·

68 3572 168 3620 veilent
185 3569 283 3618 ethere
300 3569 326 3616 in
342 3571 396 3618 alto
410 3573 522 3622 Nuncet
534 3588 597 3637 puu-
636 3573 800 3620 stinuerimus
820 3573 896 3629 bello,
915 3575 988 3633 niori,
1003 3576 1051 3620 dcc.
1068 3570 1164 3617 frustra

67 3647 167 3710 perlem
192 3653 220 3695 et
243 3645 321 3693 duros
343 3645 461 3708 perferre
481 3649 595 3699 labores!
636 3648 782 3696 cavebimus
791 3649 907 3709 pericula
918 3649 1016 3696 militine
1026 3645 1164 3705 etnaviga-

68 3725 134 3773 Fata
146 3722 260 3783 obstant,
274 3721 393 3786 tristique
411 3725 484 3786 peius
502 3725 597 3774 innobi·
637 3724 724 3776 tionis,
735 3732 780 3770 aut
795 3724 914 3790 pestiferi
932 3723 1022 3772 Arrerri
1038 3719 1126 3779 flotus,
1137 3719 1163 3767 iu

69 3798 177 3846 lisundn
189 3798 598 3862 Alligat,etnoriesStyxiuler·
636 3798 768 3846 Autumno
781 3800 935 3858 prasertim.
963 3794 1163 3844 Quamvisenim

72 3870 130 3921 fusa
142 3872 264 3922 coercet!
636 3875 724 3923 mortis
733 3888 809 3921 rrnum
820 3872 922 3937 aliquod
931 3872 1055 3932 spiculum
1065 3871 1163 3919 elucte·

104 3951 135 3996 lo
152 3948 232 3997 rma
241 3964 335 3998 munere
346 3950 471 4011 vescimur]
489 3951 558 3998 Ptin.
568 3963 598 3997 rr.
639 3966 704 4008 mur,
715 3958 742 3999 at
753 3951 835 3997 altero
849 3948 962 4009 percussi
974 3948 1164 3996 occumbemus.

72 4027 112 4072 63.
127 4022 135 4048 ‘
148 4023 239 4083 Terra,
249 4038 304 4087 quae
318 4025 454 4079 hominum,
467 4033 494 4074 ut
506 4027 597 4074 coelum
639 4025 803 4086 ‘improvisa
818 4023 863 4070 leti
875 4023 921 4070 Vis
933 4024 1017 4086 rapuit
1031 4026 1164 4086 rapietque

74 4099 132 4159 nei,
142 4112 189 4145 nos
197 4104 332 4147 noscentes
341 4101 449 4162 excipit,
457 4107 531 4150 natos
545 4102 600 4162 alit,
639 4095 748 4161 gentes‚'
758 4101 787 4142 ut
799 4106 839 4146 est
850 4099 875 4147 in
887 4096 946 4147 Ode
954 4099 1089 4161 superiori.
