2408 4200
48 293 91 355 at
391 305 439 352 nn
464 303 605 354 urrais
628 302 800 354 aonium.

54 445 155 511 Quinti
168 445 283 524 generis
299 443 374 503 Odae
390 448 420 503 7.

89 540 151 599 Lib.
168 559 191 600 r.
209 540 275 600 Ode
317 546 345 600 5.
367 539 441 607 Quis
451 538 545 598 multa
559 535 676 615 macilis
691 547 720 595 te
734 556 805 615 puer
819 539 848 596 iu
864 558 941 600 rosa.

303 642 349 695 14.
372 636 398 692 0
415 635 508 705 navis,
523 635 648 692 referent
662 634 692 691 ia
706 652 785 692 marc
799 645 828 692 te
842 635 919 693 novi.

301 734 350 790 21.
373 731 500 788 Dianam
516 741 622 789 tenerae
636 728 724 787 dicite
739 729 876 807 virgines.

302 829 351 884 23.
374 825 458 883 Vitas
473 824 611 883 hinnuleo
625 843 672 882 me
687 823 801 896 similis,
816 823 921 884 Chloe.

139 940 195 980 ιιι.
321 924 351 981 7.
373 919 452 989 Quid
464 921 529 991 fles,
544 919 669 990 Asterie,
684 939 770 998 quem
785 919 837 978 tibi
851 918 981 978 candidi.

303 1018 350 1074 13.
373 1015 399 1071 Ο
413 1014 478 1074 fons
493 1014 676 1085 Blandusiae,
688 1014 870 1092 splendidior
883 1014 967 1072 vitro.

144 1129 190 1170 iv.
301 1114 349 1170 13.
372 1109 528 1180 Audivere,
540 1110 627 1188 Lyce,
642 1109 691 1167 Dii
704 1127 770 1168 mea
782 1118 861 1179 vota,
876 1109 935 1167 Dii.

90 1207 230 1265 Snxruu
246 1224 374 1264 onnus:
397 1215 429 1263 ut
443 1225 468 1265 1.
488 1203 547 1264 Od.
568 1206 598 1264 6.
618 1224 685 1283 quoe
699 1215 746 1263 est
764 1204 886 1263 Dicolos
901 1201 1136 1280 Tetrastrophos.

49 1300 139 1360 Primi
154 1301 260 1378 quique
275 1312 334 1360 tres
350 1319 450 1360 versus
475 1309 545 1357 sunt
566 1298 764 1377 Asclepiadei,
787 1298 883 1376 qualis
896 1298 964 1358 ille:
987 1297 1137 1356 Maecenas

50 1398 144 1455 atavis
159 1397 236 1455 edite
251 1397 379 1474 regibus.
422 1394 612 1454 Scandnntur
625 1396 702 1454 enim
715 1395 772 1454 hoc
787 1394 875 1453 modo
890 1415 897 1452 :

113 1507 205 1556 Scribe
216 1534 253 1541 --
274 1508 307 1554 ris
320 1507 401 1555 Vario
412 1530 490 1559 -w-
510 1505 586 1555 t'ortis
598 1513 625 1555 et
636 1507 669 1554 bo
681 1531 755 1558 w-
777 1509 907 1559 stiumw

114 1572 206 1620 Victor
216 1598 253 1606 -·
273 1571 380 1619 Maeonii
390 1596 465 1623 -w-
487 1571 609 1620 carminis
621 1585 636 1619 a
648 1595 720 1623 -υυ-
742 1573 785 1620 lite
796 1596 840 1623 w

115 1636 198 1684 Quam
210 1649 264 1682 rem
275 1662 315 1669 --
336 1650 446 1700 cumque
458 1633 531 1684 ferox
543 1659 615 1686 w-
634 1636 741 1684 navibus
753 1645 798 1684 aiut
809 1659 883 1686 w
905 1635 975 1699 cquis
988 1659 1025 1685 υ·

90 1730 219 1796 Quartus
241 1740 338 1789 autem
362 1730 537 1810 Glycoaius,
560 1731 675 1809 qualis:
699 1731 748 1792 Sic
773 1743 801 1791 te
824 1730 900 1791 Diva
917 1743 1021 1809 potens
1037 1731 1138 1807 Cypri.

51 1824 209 1883 Scauditur
223 1836 320 1885 autent
336 1828 377 1886 sic
391 1847 397 1885 :

179 1920 257 1970 Miles
269 1948 307 1957 --
329 1929 355 1971 te
367 1922 434 1971 duce
445 1937 491 1985 ges
503 1945 576 1974 -υυ-
593 1923 657 1971 serit
667 1946 710 1973 w

435 2013 475 2022 --
507 2010 580 2038 -w-
612 2010 688 2036 -w-
719 2008 762 2035 υυ

436 2078 473 2085 ·-
506 2075 580 2101 νυ·
611 2074 688 2101 ·υυ-
719 2072 761 2098 w

436 2139 473 2149 '⁶’
506 2139 581 2165 'W‘
613 2138 686 2164 ’W‘
721 2136 758 2162 υ·

504 2205 543 2213 ““
576 2201 649 2228 W
684 2200 730 2226 w

53 2256 132 2313 Sexti
149 2258 264 2334 generis
278 2258 353 2316 Odae
368 2261 398 2317 9.

92 2350 153 2409 Lib.
172 2374 194 2411 1.
212 2353 276 2411 Ode
319 2357 348 2411 6.
370 2352 511 2410 Scriberis
527 2352 617 2409 Vario
629 2349 724 2415 sortis,
737 2359 766 2404 et
781 2348 920 2405 hostium.

305 2451 350 2503 15.
374 2446 479 2501 Pastor
490 2464 556 2501 cum
570 2445 698 2501 traheret
715 2461 764 2518 per
780 2442 854 2499 freta
868 2443 1001 2500 navibus.

304 2543 352 2595 24.
376 2538 449 2602 Quis
464 2537 609 2595 desiderio
625 2538 662 2594 sit
678 2537 773 2612 pudor
788 2547 839 2595 aut
850 2538 966 2596 modus

306 2637 354 2690 33.
376 2631 454 2702 Albi,
469 2651 505 2688 ue
521 2631 622 2691 doleas
637 2634 703 2710 plus
719 2632 808 2690 nimio
823 2653 942 2693 memor.

152 2746 189 2783 11.
305 2729 350 2782 lt.
375 2727 458 2784 Nolis
474 2727 564 2804 longa
579 2728 648 2784 serae
664 2726 740 2785 bella
755 2728 932 2785 Numantiae.

139 2841 191 2879 111.
307 2824 352 2879 10.
375 2823 542 2880 Extremum
559 2824 681 2881 Tanaim
698 2823 721 2880 si
736 2825 862 2893 biberes,
880 2825 965 2902 Lyce.

308 2919 354 2975 16.
376 2918 526 2976 Inclusam
542 2919 666 2977 Danaen
683 2921 769 2977 turris
785 2923 886 2977 aenea.

147 3030 193 3069 rr.
324 3016 352 3069 5.
376 3012 458 3073 Divis
473 3026 535 3073 orte
549 3016 647 3086 bonis,
662 3016 768 3092 optime
786 3014 929 3071 Romulae.

305 3111 350 3164 12.
372 3110 438 3167 Jam
456 3111 529 3169 veris
544 3114 677 3181 comites,
692 3132 758 3188 quae
774 3129 853 3166 mare
869 3120 1041 3186 temperant.

93 3203 272 3260 Sanrrmuiu
293 3222 420 3265 nauus:
443 3217 474 3264 ut
500 3228 523 3265 1.
540 3207 599 3266 Od.
614 3212 643 3267 7.
659 3228 726 3284 qnoe
748 3216 794 3264 est
808 3206 930 3263 Dicolos
954 3205 1141 3283 Distrophos.

53 3298 168 3356 Primus
183 3299 307 3375 quisque
330 3319 430 3358 versus
453 3315 499 3360 est
521 3302 664 3361 Heroicus
689 3303 864 3359 chameter
889 3299 1086 3358 Catalecticus
1113 3303 1141 3356 in

20 3440 28 3455 .
53 3394 127 3451 duas
151 3393 298 3469 syllabas:
322 3408 462 3453 constans
486 3419 571 3456 eser
590 3397 725 3475 pedibus,
742 3397 869 3472 Dactylo
889 3407 918 3453 et
934 3395 1083 3471 Spoudcco
1099 3398 1140 3452 in-

54 3487 220 3547 differenter
235 3488 263 3544 in
279 3491 413 3547 omuibus
428 3492 513 3559 locis,
529 3513 699 3569 quanquam
711 3493 739 3548 in
754 3493 856 3568 quinto
872 3490 1032 3567 aliquando
1048 3494 1140 3568 Spon-

53 3584 136 3641 dacus
152 3585 277 3660 ponitur,
292 3596 320 3640 et
335 3585 362 3639 in
380 3597 463 3642 sexto
480 3586 643 3664 Dactylus:
667 3587 715 3643 ubi
731 3587 817 3643 etiam
831 3605 909 3662 saepe
926 3607 977 3662 pro
994 3586 1140 3663 Spomlaeo

52 3680 211 3738 Trocliaeus
227 3679 397 3737 admittitur.
441 3680 499 3738 Sed
513 3682 549 3739 de
564 3703 649 3741 versu
666 3683 795 3740 Hcroico
808 3683 900 3739 multa
912 3683 1036 3740 diximus
1052 3683 1078 3737 iu
1094 3682 1139 3737 lu-
