2408 4200
382 261 585 310 eanumuu
613 262 686 310 nra.
713 263 768 311 ιιι.
788 249 841 313 24.
1076 254 1141 317 tur

182 404 397 487 Campestres
413 403 530 466 meiius
547 404 680 487 Scythae

224 505 388 583 (Quorum
405 506 555 587 plaustra
569 526 671 586 vegas
685 507 744 570 rite
759 509 894 572 trahunt
910 508 1042 592 domos)
1101 512 1142 575 10

183 604 322 680 Vivunt,
337 612 371 668 et
385 605 481 685 rigidi
498 605 606 681 Getae,

226 705 403 769 immetata
417 705 539 787 quibus
548 706 800 789 jugera'iiberns

185 806 310 887 Fruges
325 813 357 869 et
371 804 522 870 Cererem
539 806 658 885 serunt,

227 904 261 970 N
262 925 301 970 ec
316 908 444 971 culture
459 907 713 993 plaeetiongior
726 930 855 991 annue;

53 1087 117 1135 tibus
135 1086 252 1135 tiberabis.
284 1085 387 1134 feticius
402 1087 428 1133 tn
446 1086 533 1149 sarapis
549 1090 637 1148 degeat
649 1088 755 1152 Scytha,
769 1105 865 1151 quorem
874 1090 977 1140 incertos
987 1092 1141 1140 habitationes

53 1155 163 1212 carpenta
173 1150 349 1212 circumerant,
359 1163 447 1198 necron
458 1150 536 1211 asperi
548 1151 626 1213 Getoe,
639 1153 720 1213 quibes
730 1168 787 1200 aruo
798 1154 892 1202 minime
902 1155 1077 1217 circumscripta
1087 1171 1141 1216 pro-

54 1216 141 1264 ducunt
151 1228 281 1263 commerear
291 1219 383 1274 segetes
392 1228 420 1262 ao
430 1227 533 1270 rrresses,¹
549 1229 620 1277 neque
632 1221 753 1264 exercetur
763 1219 854 1265 coitura
865 1218 999 1266 diuturnior
1010 1234 1054 1267 nuo
1065 1234 1142 1268 orreo:

55 1468 98 1515 pac
109 1456 206 1502 trabunt
216 1456 309 1509 domm,-
326 1453 371 1501 sed
382 1452 430 1502 hoc
442 1468 512 1516 aspare
522 1458 562 1501 eat
574 1468 606 1502 ex
618 1454 858 1518 interpretamento.
883 1456 949 1515 Rite,
959 1455 975 1503 i.
985 1469 1007 1503 e.
1020 1455 1053 1504 de
1063 1470 1142 1516 more,

54 1531 87 1564 ex
99 1518 199 1566 iliorum
211 1516 471 1566 consuetudine-lb
488 1518 615 1568 immunito
632 1519 714 1581 quibus
725 1519 823 1579 jugero,
841 1518 857 1567 i.
870 1534 893 1567 e.
914 1520 982 1568 nulio
1002 1519 1140 1567 munimine

55 1579 1143 1696 tif[ratititrititittttit'tt·‘iiiiiirittittritttitz

55 1678 180 1757 cultarum
195 1715 327 1771 exercent,
345 1709 382 1758 its
402 1710 491 1773 utqui
510 1710 559 1759 hoc
578 1661 650 1760 aab&
664 1711 733 1772 egris
750 1680 864 1759 ediendir
885 1683 1041 1768 reniteant,
1060 1661 1141 1758 ιιΙιξιο

55 1771 195 1833 quiescant.
229 1774 279 1824 Sed
299 1774 354 1823 itaec
372 1773 414 1822 vix
433 1775 565 1823 commode
582 1789 596 1823 e
615 1775 697 1823 verbis
714 1773 820 1823 elicias!
837 1775 936 1823 Mitsob.
970 1772 1079 1825 Quidam
1093 1788 1141 1836 pro

549 1931 654 1979 NOTAE

84 2049 101 2092 u
129 2045 275 2104 Campestres
296 2040 377 2088 meiius
397 2038 501 2098 Scytha,
524 2039 578 2101 isc]
620 2039 764 2088 ...irtinam
776 2041 880 2104 reliquis
892 2043 1041 2092 mortalibus
1053 2044 1141 2094 similis

55 2118 148 2165 Avaris
159 2115 280 2163 divitibus
296 2112 466 2174 sapientiores
478 2125 508 2160 ac
521 2112 580 2160 bea·
619 2113 759 2163 moderatio
769 2148 776 2162 .
786 2150 792 2163 .
802 2147 809 2160 .
819 2132 923 2178 prorsus
941 2127 970 2167 ut
991 2120 1141 2169 admirabile

55 2192 133 2238 tiores
146 2194 206 2239 aunt
222 2189 239 2236 ii
257 2187 346 2255 popuii
363 2185 406 2250 qrri
423 2185 513 2248 inopes
525 2188 580 2250 qui·
619 2187 735 2235 videatur
747 2190 793 2237 boc
803 2191 852 2236 iilis
865 2200 981 2240 narrarem
991 2192 1062 2252 dare,
1073 2195 1141 2256 quod

56 2265 114 2313 dem
132 2272 158 2312 at
182 2264 236 2312 siue
256 2262 323 2312 curie
343 2262 440 2309 vivunt.
473 2262 579 2325 Scythen
620 2262 707 2311 Graeci
742 2264 818 2326 ionga
844 2265 997 2325 rapientium
1024 2267 1142 2315 doctriua

56 2341 136 2388 nutias
147 2339 234 2388 domos
251 2344 397 2398 exstruunt,
413 2351 459 2399 per
476 2351 579 2398 campos
618 2338 807 2402 preceptisque
821 2339 1032 2401 Philosophorum
1054 2356 1143 2389 conse-

54 2423 191 2477 vagantur,
202 2414 277 2463 modo
295 2414 320 2462 in
335 2413 372 2461 iris
384 2412 579 2475 pascuis,modo
619 2414 662 2478 qui
679 2422 824 2477 nequeunt5
845 2415 977 2478 cultosque
999 2429 1081 2463 morea
1106 2416 1142 2464 in·

55 2492 80 2538 in
98 2492 147 2540 titis
167 2491 343 2544 subsistentes.
355 2503 477 2552 etiamque
492 2501 579 2537 secum
619 2490 688 2538 onita
705 2488 820 2538 barbarie
838 2487 969 2550 superari,'
989 2493 1038 2537 esc.
1072 2489 1142 2539 Hinc

56 2565 176 2613 inmitium
188 2566 307 2628 plaustris
316 2565 421 2624 vehunt,
430 2565 487 2612 irinc
496 2561 580 2624 ipati·
603 2589 606 2596 ,
619 2567 687 2630 apud
700 2566 841 2615 Homerum
858 2563 931 2613 liisd.
943 2571 972 2612 N.
991 2562 1141 2626 δικαιότατοι,

57 2644 102 2693 flios
124 2648 151 2688 et
173 2637 340 2699 bpotopbpnror
363 2638 443 2696 dicti;
471 2639 579 2700 ‘quibus
611 2642 742 2701 justissimi
761 2649 885 2691 vocantur
901 2641 1014 2704 Scytha.
1046 2641 1086 2689 De
1103 2643 1142 2689 bis

57 2716 169 2776 piamun
186 2714 260 2762 sedes
279 2711 357 2772 sunt,'
375 2713 457 2774 inquit
474 2713 579 2761 satiust.
618 2717 712 2765 Strabo
723 2718 766 2764 tib.
777 2731 826 2765 vri.
838 2716 966 2766 Herodot.
977 2716 1021 2766 tib.
1033 2730 1071 2765 ιιι.
1083 2718 1143 2764 Vir-

57 2789 124 2838 vide
143 2788 325 2839 r.0d.19.1⁰.
344 2795 371 2836 et
391 2788 441 2836 Od.
453 2791 494 2835 85.
512 2792 535 2834 0.
552 2795 579 2835 et
620 2791 664 2852 gii.
677 2791 772 2852 Georg.
786 2805 828 2839 ιιι.
840 2796 888 2839 tec.

58 2879 89 2913 rr.
98 2864 148 2914 0d.
159 2868 183 2911 9.
195 2864 219 2911 iu
231 2862 297 2910 tine:
315 2861 400 2924 ibique
415 2863 476 2909 Not.
485 2862 580 2911 Justin.
653 2868 680 2910 11
701 2865 785 2924 Rigidi
798 2866 879 2926 Getes]
898 2866 932 2912 Et
944 2866 968 2913 iri
978 2866 1078 2926 Scytbis
1089 2865 1143 2914 affi-

56 2941 102 2990 iib.
116 2954 145 2988 ιι.
164 2939 212 2988 sub
229 2939 347 2988 initium:
373 2935 492 2998 ‘Scythis
513 2937 582 2984 iuter
620 2936 765 2984 nesduram
787 2939 883 2999 pariter
902 2940 981 2986 vitam
999 2948 1087 2998 agunt,
1099 2939 1143 2986 fri·

57 3032 84 3066 se
99 3017 160 3065 uuili
179 3014 252 3076 fines,
267 3027 315 3062 nec
327 3012 394 3061 enim
407 3026 494 3074 agrurn
507 3025 581 3059 exer·
620 3010 750 3072 gidissime
768 3012 880 3072 regione.
915 3013 953 3059 Ex
964 3011 1100 3068 Strabone,
1112 3012 1144 3058 ad

58 3102 127 3153 cent,
139 3106 186 3140 aec
197 3091 286 3139 domus
297 3088 348 3137 iilis
358 3088 409 3136 uita
421 3094 464 3135 ant
474 3094 582 3145 tectum,
617 3086 730 3134 Pontum
750 3085 883 3133 Orientem
906 3099 991 3133 versus
1013 3085 1083 3132 circa
1103 3098 1144 3132 os·

58 3168 241 3221 sutsedesest,
251 3170 366 3214 armento
377 3171 404 3212 et
414 3177 581 3224 pecornsem-
621 3160 684 3209 tium
704 3159 819 3208 Danubii
841 3158 916 3208 sedes
940 3160 1042 3208 habeut.
1075 3160 1145 3208 Piin.

58 3256 106 3305 per
118 3240 281 3302 pascentibus
301 3247 329 3287 et
346 3253 392 3300 per
403 3238 513 3286 iucrritas
524 3237 582 3285 soii·
621 3250 658 3286 ιν.
669 3240 708 3285 ie.
725 3236 781 3284 ‘Ab
791 3249 821 3285 co
833 3235 857 3282 in
869 3238 969 3297 pienum
978 3235 1080 3299 quidem
1092 3251 1143 3284 om·

59 3314 161 3364 tudiues
173 3327 260 3360 errare
276 3313 366 3360 aoiitis.
401 3312 501 3360 Uxores
520 3311 582 3359 iibe·
622 3325 666 3360 ues
684 3311 834 3374 Scytharum
857 3319 916 3359 sunt
939 3321 1044 3372 genten
1066 3312 1144 3359 varies

59 3402 151 3452 rosque
173 3402 258 3436 secum
285 3387 310 3434 in
336 3387 456 3449 plaustris
478 3386 582 3447 vehunt,
623 3398 707 3436 tannen
718 3386 799 3434 littori
811 3386 1064 3450 eppcpitntennere:
1083 3388 1145 3435 aiios

58 3465 150 3529 quibus
181 3462 256 3511 coriis
288 3462 405 3510 imbrium
433 3462 581 3525 hyemisqne
622 3463 708 3524 Gerra,
720 3462 786 3509 Daci
796 3461 915 3510 Romanis
926 3460 1064 3517 dicti,’&c.

60 3553 134 3587 cause
156 3538 233 3587 tectis
262 3550 308 3598 pro
331 3534 445 3582 domibus
468 3542 582 3584 utuntur.
655 3538 830 3585 taliamento
851 3536 1014 3599 quibas,ifc.]
1040 3536 1143 3599 Scythis

58 3614 164 3664 institia
176 3612 258 3676 gentis
278 3611 387 3672 ingeniis
406 3610 475 3657 culta
485 3624 535 3658 uon
546 3610 581 3656 le·
621 3613 737 3659 nimirum
750 3621 826 3673 atque
839 3611 913 3661 Getis
929 3613 983 3673 agri
996 3612 1071 3659 nuliis
1083 3610 1143 3659 dcti-

61 3689 132 3749 gibns
142 3724 149 3738 .
161 3723 167 3736 .
177 3721 182 3733 .
194 3702 281 3736 aarum
293 3693 321 3734 et
332 3692 465 3746 argentum
476 3699 525 3732 uon
537 3699 582 3746 ap·
621 3688 724 3736 niuntur
735 3686 868 3745 limitibus,
885 3688 998 3748 nuliique
1016 3693 1074 3733 sunt
1091 3685 1143 3732 cai-

59 3772 159 3821 petunt.
192 3765 270 3811 Lacte
290 3770 317 3810 et
338 3762 413 3809 mette
436 3766 580 3808 vescuntur.
621 3777 695 3825 quam
709 3762 818 3823 proprii3
836 3776 924 3808 omnes
942 3760 1058 3808 omnibns
1078 3775 1144 3805 com-

61 3835 139 3882 Lenes
151 3837 180 3883 iia
192 3850 250 3883 usus
263 3851 293 3885 ac
304 3836 413 3884 vestium
426 3835 528 3896 ignotus
538 3868 544 3882 .
555 3868 579 3882 0.
623 3852 711 3884 nrunes
725 3836 834 3883 vicissim
843 3833 1000 3884 colunturab
1011 3833 1145 3894 atiqnibns,

62 3907 171 3969 pellibus
184 3916 287 3957 utuntur
300 3908 396 3958 ferinis.
426 3910 491 3958 Herc
503 3910 582 3957 coati-
623 3912 749 3959 duntaxat
760 3915 881 3973 quantum
899 3907 961 3953 satis
974 3912 1013 3952 est
1025 3903 1055 3951 ad
1069 3918 1143 3954 anuo·

61 3981 147 4029 nentia
165 3980 214 4027 iliis
225 3996 322 4030 morum
339 3998 439 4046 quoque
454 3984 581 4045 justitiam
622 3998 678 4033 nam
688 3991 714 4032 et
726 3983 822 4031 victum
834 3981 906 4027 unius
919 3978 985 4026 anni.

60 4058 142 4114 dedit,
152 4055 214 4103 nihii
226 4058 334 4105 atienuur
343 4060 583 4120 concupiscentibus

128 4136 209 4172 Dobnir
221 4141 243 4172 ab
257 4135 312 4172 Vm&
326 4138 381 4172 {Vm
562 4136 645 4172 Hnrni.
1035 4135 1050 4172 2
1067 4132 1079 4172 Ῑ
