2408 4200
55 239 121 304 ⁴24
281 220 288 232 ⁸
365 217 631 319 'qnonarn
657 259 787 308 rnaccr

226 397 292 461 Sed
308 399 504 464 rusticorum
518 402 668 464 mascula
684 402 826 464 militurn

225 498 355 575 Proles,
371 501 518 564 Sabellis
532 503 635 565 docta
649 502 815 584 ligonibus

268 598 413 663 Versata
429 601 554 681 glebas,
569 608 602 665 et
616 591 741 664 severae

312 697 435 762 Matris
451 700 493 761 ad
508 701 675 765 arbitrium
690 703 811 765 recisos

225 799 363 861 Portare
378 799 501 877 i'ustes3
521 801 574 863 sol
590 802 646 864 ubi
662 801 820 864 montium

224 899 373 963 Mutaret
388 901 532 977 umbras,
546 909 578 965 et
588 902 671 985 juga
683 903 826 966 demetet

267 1000 385 1062 Bobus
401 999 562 1082 fatigatis,
577 1003 719 1066 amicum

309 1101 456 1181 Tempus
473 1121 573 1185 agens
589 1104 732 1167 abeunte
749 1122 855 1167 curru.

225 1201 398 1263 Damnosa
412 1202 492 1282 quid
509 1222 573 1265 non
590 1202 756 1266 imminuit
772 1201 869 1265 diesi
1100 1205 1146 1265 45

53 1376 140 1412 noan
150 1365 317 1427 Hannibalem,
334 1367 375 1415 ted
390 1366 480 1415 menni
488 1366 541 1430 stit
556 1368 659 1417 militam
674 1370 811 1429 ogrettina,
827 1369 915 1418 armti
930 1373 1016 1417 terrum
1026 1366 1098 1413 colere
1108 1362 1143 1410 n·-

52 1428 115 1486 patto
126 1427 222 1490 Sabino,
232 1438 256 1479 et
264 1434 295 1480 od
305 1436 406 1479 autera
413 1431 496 1480 muttit
506 1432 649 1480 wlaatotem
659 1439 780 1494 amputata
791 1434 878 1493 referre
889 1433 962 1493 ligna,
970 1446 1021 1478 cam
1031 1431 1152 1476 mattam-

53 1492 126 1538 aertit
142 1494 243 1556 ambus,
255 1502 278 1542 et
290 1495 352 1553 jugo
365 1494 440 1550 sencio
457 1494 527 1541 bitur
537 1496 704 1555 terratia-tot,
715 1497 795 1545 lorum
813 1499 928 1545 oddar-ena
937 1497 1144 1556 incuntanter-

55 1553 210 1605 deatecurra.
247 1557 311 1610 Quid
329 1561 418 1615 tenpus
433 1558 493 1603 edax
511 1571 555 1602 aon
574 1560 721 1618 corrumpit?
736 1562 824 1606 AEaam
837 1566 931 1621 patrum
943 1565 1081 1611 nudorum,
1094 1553 1146 1603 aab

53 1794 85 1837 ⁸8
103 1790 191 1853 Putea,
208 1806 254 1852 pro
273 1793 364 1851 Protea,
383 1792 565 1853 Fraueqetii.
583 1795 614 1839 40
632 1790 706 1839 Deua.
718 1795 742 1839 2.
762 1799 784 1840 et
800 1793 874 1839 reneri
888 1793 1042 1839 Patrio-td
1063 1793 1144 1839 Babae

54 1853 128 1906 Harl.
142 1859 164 1903 1.
174 1861 197 1906 2.
206 1862 229 1904 a.
238 1862 261 1905 4.
270 1863 294 1904 t.
303 1861 327 1904 d.
340 1856 384 1905 ulii
396 1855 470 1904 codd.
482 1869 522 1918 ap.
534 1855 604 1917 iani,
614 1863 641 1903 et
652 1855 769 1919 quaedam
782 1856 905 1904 edd-td
918 1856 1031 1902 ‘Anam
1040 1855 1142 1903 emeud.

541 1993 650 2044 NOTAE

83 2090 113 2133 37
132 2086 179 2134 Sed
197 2088 336 2136 mutuorum
355 2092 458 2139 maculo
475 2092 576 2140 militam
616 2097 656 2138 tes
668 2089 796 2138 decedent
807 2089 920 2151 duplicat
933 2088 1050 2136 umbrae*

54 2160 147 2223 Proles]
164 2160 215 2210 Sed
234 2161 279 2211 tilii
298 2165 408 2214 virorum
426 2169 523 2216 rustico
539 2167 576 2215 lu·
649 2165 704 2228 Sol]
720 2167 774 2215 Cic.
787 2165 1064 2213 chat.l)eor.n.dt3.
1082 2163 1143 2211 ‘Sol

52 2239 114 2286 bore
135 2245 162 2287 et
183 2239 273 2288 militia
294 2241 465 2301 robustorum,
483 2251 509 2291 et
527 2243 577 2306 ipsi
618 2242 712 2302 dictur,
732 2243 771 2289 vel
791 2241 851 2304 quia
863 2240 929 2287 solua
941 2237 1099 2287 exomoibur
1111 2238 1144 2286 ui·

53 2313 148 2376 puriter
167 2316 264 2377 agresti
278 2316 328 2364 vita
340 2318 463 2379 indurati,
481 2318 578 2368 diutnr·
618 2317 723 2366 dotibus
735 2324 774 2365 eut
789 2323 889 2364 tantus:
910 2316 948 2360 vel
961 2314 1020 2376 quia
1033 2328 1090 2362 cum
1103 2321 1143 2361 eat

52 2404 136 2454 noque
148 2392 219 2452 operi
240 2393 351 2453 Μαίη
370 2392 528 2456 proindeque
541 2394 577 2440 vi·
618 2398 732 2450 exortui,
741 2390 885 2439 obscuratio
895 2390 1009 2436 omnibus
1019 2388 1086 2435 solus
1097 2402 1143 2448 ap-

52 2466 93 2512 rili
105 2467 189 2515 animo
197 2467 275 2529 juxta
288 2475 313 2515 ct
325 2466 386 2515 t'orti
399 2482 515 2530 corpore,
527 2482 576 2515 non
618 2471 708 2530 paret.l

51 2540 140 2588 molles
151 2551 177 2589 et
190 2542 363 2604 voluptatibus
375 2541 460 2590 fracti.
649 2545 681 2589 tt
700 2540 800 2602 Etjuga
811 2542 912 2588 &meret
925 2539 1004 2586 Bobus
1013 2537 1141 2599 fatigatis]

91 2619 123 2662 38
140 2616 240 2664 Sabellis
258 2619 326 2664 docto
343 2617 459 2678 ligonidua
481 2619 578 2668 Venere
619 2619 676 2669 Quo
693 2624 809 2679 ternpore
826 2617 937 2664 demitur
951 2617 1040 2677 Juguut
1061 2613 1143 2660 bobun

48 2690 140 2751 glebae]
157 2690 215 2738 Jaro
227 2692 370 2738 notavimus
387 2692 448 2740 aiibi
467 2693 577 2754 optimos
618 2692 713 2742 arando
725 2691 853 2753 fatigatis,
874 2692 1000 2753 solutique
1014 2689 1046 2737 ab
1058 2695 1144 2735 aratro

51 2763 136 2812 Italiae
149 2763 284 2812 bellatores
303 2765 461 2815 existimator
478 2769 577 2829 pridem
618 2771 719 2818 domurn
731 2768 897 2815 reducuntur.
926 2767 1016 2828 Virgil.
1029 2779 1086 2812 mox
1099 2764 1143 2812 cit.

51 2840 150 2902 Apulos
160 2846 187 2888 et
199 2841 336 2900 Samnites,
348 2842 391 2903 qui
404 2851 432 2891 et
444 2842 577 2902 bebelina
618 2844 740 2906 ‘Aspice
760 2851 846 2891 aratra
867 2844 931 2905 jugo
954 2841 1069 2891 referunt
1091 2854 1142 2887 sus·

50 2916 152 2965 Sabinis
171 2917 232 2980 orti,
253 2931 286 2964 ex
304 2917 441 2974 Strabone.
454 2920 497 2969 lib.
510 2935 537 2970 v.
549 2929 577 2970 et
618 2936 697 2983 penna
707 2920 823 2982 juvenci,
839 2920 872 2967 Et
884 2920 925 2966 Sol
938 2925 1086 2968 crescentes
1099 2917 1143 2965 de·

52 2992 120 3041 Plio.
134 3007 176 3041 111.
191 2998 229 3042 12.
617 2998 712 3046 cedens
724 2997 838 3059 duplicat
851 2994 969 3042 umbras!

84 3073 115 3117 39
133 3071 167 3117 Et
182 3084 269 3119 aeceroe
288 3069 377 3118 illatria
395 3073 425 3120 od
444 3071 577 3133 arbitrium,
650 3078 681 3122 43
706 3073 814 3120 Amicum
836 3071 932 3128 Tempus
951 3081 1023 3124 agenr
1044 3065 1142 3114 adeunde

51 3145 102 3205 dyo]
121 3147 170 3195 Qui
189 3154 216 3194 ct
231 3148 319 3195 aratris
332 3148 438 3210 imperio
451 3156 478 3197 et
489 3164 577 3198 revera
617 3148 697 3208 maru]
722 3146 859 3193 Addnccns
878 3151 977 3199 ternpus
996 3139 1100 3199 optitnae
1114 3147 1143 3188 ct

51 3218 186 3282 disciplina
198 3220 263 3269 sacti
281 3223 312 3271 ad
331 3226 451 3272 virtutem
470 3224 577 3272 laborio·
614 3220 737 3284 jucundae
759 3224 815 3278 post
833 3216 944 3262 laborent
965 3215 1042 3276 quieti
1061 3215 1144 3263 desti·

50 3309 121 3354 sarn;
139 3311 196 3343 narn
209 3298 319 3359 jubebat
336 3299 378 3346 illa
391 3309 449 3361 post
461 3298 576 3347 diurnum
618 3305 717 3351 rictum,
734 3298 807 3340 ‘etun
820 3306 847 3337 sc
859 3291 1013 3337 convolvens
1030 3292 1074 3339 Sol
1091 3294 1141 3340 ela-

51 3383 114 3429 upua
132 3369 200 3428 ligna
220 3373 298 3420 etlam
318 3373 427 3433 caedere,
445 3380 521 3435 atque
543 3372 575 3419 ud
617 3370 686 3416 bitur
698 3378 774 3429 atque
787 3366 857 3422 abit:
874 3372 902 3413 ut
913 3366 1013 3414 aitCic.
1026 3366 1057 3413 tle
1071 3366 1142 3416 Divi-

51 3457 123 3492 uaum
135 3442 302 3493 domeatlcutn
315 3456 455 3508 reportare.
616 3451 669 3491 nat.
686 3456 704 3491 t.
726 3457 750 3489 a.
769 3445 810 3489 dd.
837 3440 928 3501 virgil.
946 3440 1045 3488 AEneid.
1066 3454 1096 3487 n.
1114 3446 1138 3488 9.

82 3522 111 3567 41
126 3516 167 3565 Sol
179 3519 217 3565 ubi
229 3521 340 3567 montium
353 3518 575 3581 Mutaretumbrot]
616 3520 668 3567 ‘Et
683 3519 737 3579 jarn
757 3533 807 3566 uox
827 3518 930 3565 buntida
947 3518 1009 3564 coelo
1023 3517 1141 3578 Pracipi-

52 3593 170 3655 Veapcri,
182 3608 238 3641 curn
250 3609 357 3655 vergens
365 3596 408 3641 Sol
417 3594 447 3642 ad
458 3610 574 3644 occasum
618 3604 666 3656 tat,
678 3597 838 3657 suadentque
851 3594 969 3642 cadentia
981 3594 1063 3640 nidera
1075 3608 1141 3641 aoni-

52 3677 130 3731 auget
143 3668 251 3726 umbras,
261 3676 304 3716 aut
315 3671 443 3718 convertit
453 3670 483 3718 ud
495 3674 575 3721 orien·
616 3673 678 3721 uos!
711 3672 859 3732 Georg.1tr.
873 3674 928 3716 358.
947 3671 954 3693 ‘
967 3670 1022 3716 Nec
1034 3685 1090 3716 cuni
1104 3670 1139 3715 in-

52 3754 116 3806 tem,
133 3759 188 3809 qua:
201 3757 273 3790 tuane
285 3743 315 3790 ad
328 3745 500 3793 Occidentem
519 3746 573 3794 fno-
616 3756 704 3797 vectus
714 3748 783 3809 equis
792 3745 859 3807 (Sol)
870 3744 947 3790 nlttun
960 3745 1026 3802 petit
1036 3744 1140 3802 antiteta,

52 3829 118 3869 rant
152 3819 225 3867 Prior
243 3804 424 3880 iriterpretatio
443 3824 573 3883 ntagisat·
615 3841 662 3872 nec
683 3839 740 3871 curu
763 3821 926 3879 Praecipitem
947 3819 1046 3866 Oceani
1065 3821 1140 3869 rubro

52 3895 128 3944 ridet.
161 3894 252 3956 Virgil.
271 3895 359 3955 Eclng.
380 3908 397 3941 1.
415 3898 455 3943 ut.
474 3897 574 3958 ‘Majo-
615 3901 677 3947 lavit
688 3910 788 3960 aequore
801 3895 921 3942 currum)

52 3985 142 4033 resque
160 3973 258 4022 cadunt
269 3973 326 4021 altis
338 3973 370 4022 de
383 3974 508 4023 montibus
521 3990 574 4022 um·
647 3981 676 4022 45
695 3976 814 4021 Dumaosu
826 3972 881 4033 qaid
894 3987 938 4018 non
950 3971 1065 4020 imminuit
1078 3971 1138 4032 dier]

49 4043 119 4092 brac!
148 4051 236 4112 nctog.
249 4063 279 4099 ιι.
291 4054 330 4098 fil.
344 4051 393 4100 ‘Et
404 4051 448 4102 Sol
460 4065 574 4102 crescon·
616 4049 684 4103 Quid
695 4064 744 4097 uon
756 4048 866 4097 absumit
879 4055 989 4112 ternpus,
1003 4048 1077 4095 rebus
1089 4060 1140 4093 oni·
