2408 4200
393 281 600 330 ouuuruuu
626 279 698 329 ure.
721 282 776 329 ιιι.
798 267 831 330 3.
1093 263 1159 329 389

236 419 353 484 Celent
368 419 504 499 inoltae3
526 424 592 483 stet
609 417 814 502 Capitolium

279 520 437 601 Fulgens,
453 521 727 603 triumphatisque
742 521 850 602 possit

322 619 435 683 Roma
446 618 542 683 ferox
559 621 639 683 dare
650 623 728 704 jura
742 620 866 685 Medis.

234 720 413 784 Horrenda
427 723 495 786 late
509 740 627 785 nomen
644 722 678 784 in
694 722 828 784 ultimas

234 821 410 886 Extendat
424 842 520 901 oras3
544 842 612 903 qua
626 822 757 885 medius
772 822 885 903 liquor

275 921 425 985 Secernit
439 922 595 1005 Europen
611 923 654 984 ab
671 922 767 998 Afro,

318 1021 397 1098 Qua
412 1022 559 1086 tumidus
573 1022 657 1102 rigat
671 1040 752 1085 arva
769 1022 891 1086 Nilus:

232 1122 361 1185 Aurum
377 1124 584 1206 irrepertum,
601 1130 632 1186 et
647 1125 696 1186 sic
710 1123 829 1186 melius
845 1125 957 1199 situm,

61 1270 159 1319 Paridis
167 1284 251 1332 greges
262 1271 395 1329 lasciviunt,
403 1278 426 1319 et
436 1271 517 1320 delius
528 1273 609 1320 illm
614 1270 690 1330 fretus
698 1285 752 1318 suos
759 1271 909 1328 abscondunt,
919 1269 1092 1331 studiiefloreut
1105 1272 1153 1319 Cu·

57 1335 175 1396 pitoliuen,
185 1339 209 1382 et
222 1334 297 1382 Rorno
308 1334 413 1382 bellicoso
424 1338 487 1395 teges
496 1337 597 1397 impensu
609 1335 678 1382 uictis
691 1335 778 1382 Medis.
807 1333 1019 1390 litusormidobilis
1029 1335 1110 1394 procat
1121 1336 1153 1381 od

60 1403 178 1445 extremos
188 1397 251 1445 ordis
258 1403 340 1460 portes
344 1398 437 1454 furnum
446 1404 577 1460 propagetr
594 1399 644 1446 siue
655 1398 768 1447 redimere
783 1397 921 1456 interfusum
929 1402 1026 1458 sepum
1035 1398 1153 1458 Europen

59 1459 88 1509 ob
100 1460 185 1520 ⁴ifrr'co
193 1476 203 1517 ,·
218 1462 267 1509 siue
282 1462 321 1509 ali
339 1463 412 1510 Nilus
428 1464 580 1511 intumescens
596 1476 666 1522 egros
684 1462 806 1522 perfundit
814 1477 824 1518 ,·
839 1462 975 1521 generosior
989 1462 1153 1509 contemnendo

515 1587 530 1607 0
533 1586 664 1608 numu
668 1587 697 1611 00

61 1681 120 1728 gens
130 1667 182 1716 Ait.
196 1671 217 1714 l.
230 1667 297 1730 quod
309 1682 357 1716 nou
369 1668 497 1730 improbat
507 1670 640 1721 dani-td
660 1669 776 1718 Extendit
787 1667 866 1716 Brod.
883 1668 924 1729 qui
934 1669 1024 1716 medius
1036 1669 1114 1718 Dess.
1126 1674 1153 1719 2.

64 1739 91 1779 et
108 1745 169 1779 uuus
187 1732 411 1782 Burmanni-tt
430 1734 541 1782 Seceruet
560 1748 625 1783 unus
645 1733 870 1782 Bersruanni.-ttl
887 1732 942 1779 llos
962 1746 1047 1780 versus
1060 1735 1151 1782 49-52.

552 1845 659 1894 NOTAE

88 1961 119 2005 tt
137 1956 203 2004 Dore
216 1956 274 2015 juro
296 1957 387 2016 Medis]
406 1957 455 2003 Ubi
478 1970 583 2015 reguum
625 1956 672 2002 luis
689 1954 829 2020 frequens.
843 1992 849 2006 .
863 1957 997 2007 ..medios
1018 1955 1152 2019 AEtlriopss

56 2031 157 2094 aliquod
187 2031 212 2076 iu
240 2030 399 2090 provinciam
432 2029 584 2091 redegerant
624 2035 1152 2098 secut....Insulasiuurrmerasspargit.

57 2106 170 2150 victores
198 2101 315 2160 Romani,
338 2116 368 2149 eo
391 2104 478 2150 statim
499 2103 585 2151 mitte·
626 2110 786 2156 ....Certis
803 2109 894 2156 diebrrs
906 2116 980 2156 suctu
998 2124 1092 2170 magno
1104 2124 1152 2172 per

57 2177 120 2224 bunt
133 2177 208 2233 uiros,
220 2175 312 2238 quijus
331 2182 357 2223 et
376 2177 447 2239 leges
464 2176 583 2238 praescri·
625 2189 704 2230 totam
717 2183 842 2244 spatiatus
856 2181 1004 2244 AEgyptruu,
1015 2181 1151 2232 soecrrndus

58 2251 158 2300 bereut.
624 2257 724 2306 innatat
755 2267 840 2306 terra‘.
874 2259 971 2307 Causas
999 2258 1152 2308 incrementi

88 2325 180 2388 Medis]
192 2327 221 2375 ld
230 2334 280 2385 est,
291 2327 404 2383 Parthis,
416 2329 504 2390 utjam
517 2330 583 2376 haud

56 2403 134 2451 semel
147 2404 274 2451 annotavi.

88 2483 120 2527 td
140 2478 192 2533 Quo
210 2480 300 2527 medius
318 2481 393 2543 liquor
411 2481 518 2529 Securuit
533 2482 582 2528 Eu·

55 2573 126 2618 ropen
136 2558 165 2604 ab
177 2559 250 2620 Afro]
278 2559 318 2606 Ad
332 2558 427 2608 sretum
440 2576 519 2623 usque
532 2560 583 2609 Ga·

56 2631 179 2679 ditamun.
211 2634 290 2680 Soliu.
302 2636 309 2660 ¹
321 2635 442 2683 Oceanus
453 2635 486 2683 ab
498 2635 582 2685 Occa-

56 2719 86 2752 su
109 2705 253 2766 irrumpens
271 2708 336 2754 laevo
353 2710 434 2756 latere
451 2711 581 2772 Europam

56 2780 134 2834 rudit,
146 2778 260 2827 Africam
273 2780 365 2829 dextro
377 2799 384 2840 ;
402 2784 487 2831 scissis
500 2786 580 2845 Calpe

55 2864 83 2902 et
102 2854 184 2916 libyis
203 2854 340 2914 montibus,
356 2870 418 2917 quos
438 2857 525 2906 dicunt
540 2873 581 2906 co·

625 2334 708 2381 varias
735 2333 872 2394 prodidere
886 2367 892 2380 .
904 2368 910 2381 .
924 2367 930 2379 .
944 2367 951 2380 .
964 2334 1055 2395 incipit
1083 2348 1152 2381 cres·

623 2423 683 2457 cere
707 2409 778 2456 Luna
801 2423 876 2469 nova,
902 2421 1068 2470 quaecumque
1092 2415 1152 2469 post

624 2484 760 2534 solstitium
789 2492 837 2539 est,
872 2484 966 2532 sensim
998 2482 1150 2546 modiceque

623 2560 750 2607 Cancrum
770 2558 830 2607 Sole
848 2565 1009 2617 transeunte,
1021 2556 1151 2605 abuudan-

623 2636 720 2683 tissime
743 2640 828 2684 autem
847 2635 969 2681 Leonem.
1002 2631 1104 2680 Residit
1123 2632 1149 2680 in

622 2708 739 2771 Virgine,
753 2708 842 2756 iisdem
856 2708 947 2770 qrribus
968 2707 1083 2754 accrevit
1098 2718 1149 2753 uro·

622 2784 670 2831 dis.
704 2784 735 2831 lu
746 2792 826 2832 totum
837 2794 922 2831 autern
936 2793 1070 2831 revocetur
1081 2783 1150 2830 iutra

622 2859 698 2920 ripas,
710 2859 734 2904 iu
755 2859 842 2917 Libra,
860 2866 887 2904 ut
900 2857 980 2904 tradit
992 2857 1150 2916 Herodotus,

55 2931 154 2977 lunruas
173 2929 302 2988 Herculis,
322 2930 389 2976 iuter
403 2931 507 2978 lllauros
526 2932 581 2979 iun·
621 2933 761 2981 centesimo
772 2932 823 2978 die.
847 2933 950 2980 Justuur
962 2932 1150 2977 incrementum

55 3002 348 3062 ditaretflitpaniam!
621 3014 662 3053 est
688 3004 833 3052 cubitorum
860 3005 999 3051 sexdecim.
1033 3004 1148 3051 Minores

87 3083 118 3127 ⁴8
137 3079 190 3133 Quo
213 3079 316 3125 tumidus
335 3077 401 3135 rigat
419 3092 477 3125 oreo
498 3079 580 3140 Nilus]
620 3092 693 3141 aquee
714 3092 763 3124 non
783 3077 867 3124 onmia
887 3078 989 3136 rigant:
1011 3075 1148 3136 ampliores

54 3153 105 3200 Per
115 3151 240 3212 Africam,
253 3152 418 3213 AEtlriopiaur,
433 3152 578 3214 AEgyptum.
620 3153 747 3203 detinent,
767 3150 865 3197 turdius
886 3148 1031 3196 recedendo
1045 3184 1051 3195 .
1064 3181 1071 3194 .
1084 3181 1090 3195 .
1104 3151 1148 3198 ,ιιι

55 3226 110 3273 Cic.
129 3227 161 3273 de
180 3228 242 3274 Nat.
261 3228 340 3275 Deor.
357 3241 388 3276 ιι.
406 3241 431 3274 u.
445 3230 499 3274 1³0.
518 3227 579 3274 ‘AE·
620 3226 755 3275 duodecim
777 3224 871 3273 cubitis
891 3222 985 3272 samem
1005 3225 1085 3273 sentit
1105 3225 1149 3273 AE·

54 3308 162 3362 gyptum
187 3301 261 3348 Nilus
284 3304 382 3364 irrigat,
402 3310 428 3350 et
447 3316 505 3350 cum
524 3309 579 3351 tota
620 3309 726 3364 gyptus,
747 3300 772 3348 in
794 3299 918 3347 tredecim
937 3299 1034 3349 esurit:
1056 3309 1148 3364 quatu·

55 3383 145 3424 aestate
168 3374 284 3424 obrutum
305 3378 487 3440 oppletamque
506 3385 580 3425 tenu·
619 3377 733 3425 ordecim
753 3374 842 3423 cubita
858 3374 1013 3424 hilaritatem
1026 3373 1147 3439 atterunt,

53 3451 112 3504 erit,
125 3458 179 3498 turn
191 3449 298 3510 recedit,
309 3453 472 3514 mollitosque
481 3460 508 3500 et
517 3452 581 3499 obli·
619 3452 765 3516 quindecim
774 3451 951 3511 securitatem,
960 3450 1090 3499 sexdecim
1102 3451 1147 3499 de-

53 3535 134 3576 matos
147 3541 222 3589 agros
238 3527 271 3573 ad
289 3528 427 3574 serendum
440 3527 578 3589 relinquit.¹
617 3529 699 3577 licias.
741 3527 882 3576 Maximum
903 3527 1089 3575 incrementum
1113 3525 1145 3575 ud

53 3602 119 3650 Plin.
138 3617 163 3651 v.
178 3607 202 3651 9.
217 3609 224 3630 ⁴
238 3602 312 3650 Nilus
325 3603 429 3649 incertis
442 3610 513 3650 ortus
525 3601 579 3650 fou·
618 3603 666 3652 lroc
689 3603 736 3651 aevi
759 3601 810 3651 suit
830 3602 972 3650 cubitorum
993 3601 1145 3650 octodecim.

53 3676 120 3724 tibus
140 3676 159 3724 it
176 3689 223 3738 per
234 3677 338 3724 deserta
349 3684 376 3723 et
388 3675 515 3736 ardentis,
532 3678 578 3724 im·
619 3679 726 3727 Claudio
748 3675 886 3738 Principe,'
908 3679 957 3724 &e
992 3676 1044 3723 Nili
1067 3688 1145 3736 aquas

52 3763 140 3797 menso
158 3750 323 3812 longitudinis
334 3752 421 3813 spatio
439 3752 580 3813 ambulans,
619 3754 724 3800 laudaut
736 3750 844 3799 Aristot.
855 3750 947 3798 Galen.
957 3752 1005 3795 dre.
1018 3747 1144 3807 originem

55 3855 62 3870 .
76 3853 101 3869 .·
114 3857 121 3870 .
133 3824 294 3873 observatum
311 3835 360 3880 est,
377 3835 453 3888 prout
465 3828 491 3874 iu
503 3827 577 3874 Msu·
618 3843 700 3890 nuper
710 3826 843 3889 inquisivit
855 3825 957 3872 isaacus
966 3822 1080 3867 Vossius.
1103 3822 1143 3870 De

53 3897 146 3947 ritania
169 3899 240 3946 nives
267 3901 394 3948 imbresve
416 3903 578 3962 satiaverint,
617 3917 648 3950 eo
660 3898 873 3949 nurltaHerodot.
885 3897 930 3942 lib.
944 3895 1073 3941 ruscuec.
1083 3895 1144 3947 Nat.

53 3973 90 4020 ita
102 3970 187 4018 Nilum
203 3973 347 4022 increscere
360 4008 367 4023 .
379 4009 386 4023 .
398 3975 530 4025 ,Africam
543 3976 576 4022 ab
617 3977 667 4027 Qu.
679 3974 724 4023 lib.
737 3987 776 4020 ιν.
788 3972 872 4032 Agell.
886 3982 911 4014 x.
922 3972 946 4015 7.
959 3974 1006 4017 dcc.

53 4046 182 4107 AEtlriopia
194 4043 471 4109 dispesceurr‚...seris
483 4057 510 4097 et
523 4049 577 4097 bel·
649 4056 681 4098 49
702 4049 794 4095 Aurum
816 4046 964 4104 irreperturu,
984 4043 1036 4107 tre]
1068 4045 1141 4099 Ordo
