<?xml version="1.0" encoding="UTF-8"?>
<!DOCTYPE html PUBLIC "-//W3C//DTD XHTML 1.0 Transitional//EN"
    "http://www.w3.org/TR/xhtml1/DTD/xhtml1-transitional.dtd">
<html xmlns="http://www.w3.org/1999/xhtml" xml:lang="en" lang="en">
 <head>
  <title>
</title>
<meta http-equiv="Content-Type" content="text/html;charset=utf-8" />
  <meta name='ocr-system' content='tesseract 3.04.00' />
  <meta name='ocr-capabilities' content='ocr_page ocr_carea ocr_par ocr_line ocrx_word'/>
</head>
<body>
  <div class='ocr_page' id='page_1' title='image "./quintihoratiifl00zeungoog_0568.png"; bbox 0 0 2408 4200; ppageno 0'>
   <div class='ocr_carea' id='block_1_1' title="bbox 370 236 1139 303">
    <p class='ocr_par' dir='ltr' id='par_1_1' title="bbox 370 236 1139 303">
     <span class='ocr_line' id='line_1_1' title="bbox 370 236 1139 303; baseline 0.009 -7"><span class='ocrx_word' id='word_1_1' title='bbox 370 246 577 299; x_wconf 75' lang='lat' dir='ltr'>cennmuu</span> <span class='ocrx_word' id='word_1_2' title='bbox 602 248 675 298; x_wconf 80' lang='grc' dir='ltr'><strong>ιιι.</strong></span> <span class='ocrx_word' id='word_1_3' title='bbox 699 249 747 297; x_wconf 83' lang='grc' dir='ltr'>ιν.</span> <span class='ocrx_word' id='word_1_4' title='bbox 767 237 799 298; x_wconf 76' lang='lat' dir='ltr'>t.</span> <span class='ocrx_word' id='word_1_5' title='bbox 1073 236 1139 303; x_wconf 79' lang='grc'>569</span> 
     </span>
    </p>
   </div>
   <div class='ocr_carea' id='block_1_2' title="bbox 225 387 885 472">
    <p class='ocr_par' dir='ltr' id='par_1_2' title="bbox 225 387 885 472">
     <span class='ocr_line' id='line_1_2' title="bbox 225 387 885 472; baseline 0.002 -19"><span class='ocrx_word' id='word_1_6' title='bbox 225 390 370 454; x_wconf 85' lang='lat' dir='ltr'><strong>Drusum</strong></span> <span class='ocrx_word' id='word_1_7' title='bbox 383 392 542 471; x_wconf 75' lang='lat' dir='ltr'>gerentem</span> <span class='ocrx_word' id='word_1_8' title='bbox 557 387 743 470; x_wconf 88' lang='lat' dir='ltr'>Vindelici;</span> <span class='ocrx_word' id='word_1_9' title='bbox 765 391 885 472; x_wconf 84' lang='lat' dir='ltr'>quibus</span> 
     </span>
    </p>
   </div>
   <div class='ocr_carea' id='block_1_3' title="bbox 53 553 1137 618">
    <p class='ocr_par' dir='ltr' id='par_1_3' title="bbox 53 553 1137 618">
     <span class='ocr_line' id='line_1_3' title="bbox 53 553 1137 618; baseline -0.004 -14"><span class='ocrx_word' id='word_1_10' title='bbox 53 557 110 605; x_wconf 81' lang='lat' dir='ltr'>bello</span> <span class='ocrx_word' id='word_1_11' title='bbox 114 555 244 614; x_wconf 75' lang='lat' dir='ltr'>facientem</span> <span class='ocrx_word' id='word_1_12' title='bbox 255 554 360 604; x_wconf 82' lang='lat' dir='ltr'>Drrssnrn</span> <span class='ocrx_word' id='word_1_13' title='bbox 369 555 478 604; x_wconf 71' lang='lat' dir='ltr'>oidmsnt</span> <span class='ocrx_word' id='word_1_14' title='bbox 491 553 573 603; x_wconf 75' lang='lat' dir='ltr'>illoti</span> <span class='ocrx_word' id='word_1_15' title='bbox 587 559 657 617; x_wconf 79' lang='lat' dir='ltr'>utque</span> <span class='ocrx_word' id='word_1_16' title='bbox 672 553 796 618; x_wconf 75' lang='lat' dir='ltr'>Vindelici,</span> <span class='ocrx_word' id='word_1_17' title='bbox 805 553 887 618; x_wconf 76' lang='lat' dir='ltr'>peiles</span> <span class='ocrx_word' id='word_1_18' title='bbox 897 568 946 604; x_wconf 77' lang='lat' dir='ltr'>ires</span> <span class='ocrx_word' id='word_1_19' title='bbox 955 555 1019 605; x_wconf 78' lang='lat' dir='ltr'>ensi</span> <span class='ocrx_word' id='word_1_20' title='bbox 1028 571 1078 606; x_wconf 78' lang='lat' dir='ltr'>ooo</span> <span class='ocrx_word' id='word_1_21' title='bbox 1087 573 1137 608; x_wconf 83' lang='lat' dir='ltr'>urs.</span> 
     </span>
    </p>
   </div>
   <div class='ocr_carea' id='block_1_4' title="bbox 506 695 687 717">
    <p class='ocr_par' dir='ltr' id='par_1_4' title="bbox 506 695 687 717">
     <span class='ocr_line' id='line_1_4' title="bbox 506 695 687 717; baseline 0 -1"><span class='ocrx_word' id='word_1_22' title='bbox 506 695 687 717; x_wconf 60' lang='lat' dir='ltr'>mum</span> 
     </span>
    </p>
   </div>
   <div class='ocr_carea' id='block_1_5' title="bbox 53 789 1143 2428">
    <p class='ocr_par' dir='ltr' id='par_1_5' title="bbox 53 789 1143 2428">
     <span class='ocr_line' id='line_1_5' title="bbox 54 789 1138 856; baseline 0.004 -15"><span class='ocrx_word' id='word_1_23' title='bbox 54 794 159 841; x_wconf 91' lang='lat' dir='ltr'>Sueton.</span> <span class='ocrx_word' id='word_1_24' title='bbox 178 789 243 853; x_wconf 74' lang='lat' dir='ltr'>Aug.</span> <span class='ocrx_word' id='word_1_25' title='bbox 261 796 302 841; x_wconf 79' lang='lat'>21.</span> <span class='ocrx_word' id='word_1_26' title='bbox 316 792 402 842; x_wconf 84' lang='lat' dir='ltr'>Strrb.</span> <span class='ocrx_word' id='word_1_27' title='bbox 415 807 455 843; x_wconf 81' lang='grc' dir='ltr'>ιν.</span> <span class='ocrx_word' id='word_1_28' title='bbox 473 808 499 856; x_wconf 89' lang='lat' dir='ltr'>p.</span> <span class='ocrx_word' id='word_1_29' title='bbox 512 798 568 844; x_wconf 70' lang='lat' dir='ltr'>ild.</span> <span class='ocrx_word' id='word_1_30' title='bbox 580 798 644 845; x_wconf 84' lang='lat' dir='ltr'>&amp;c.·</span> <span class='ocrx_word' id='word_1_31' title='bbox 660 796 746 846; x_wconf 79' lang='lat' dir='ltr'>Qosre</span> <span class='ocrx_word' id='word_1_32' title='bbox 765 793 843 842; x_wconf 78' lang='lat' dir='ltr'>nihilo</span> <span class='ocrx_word' id='word_1_33' title='bbox 862 794 952 842; x_wconf 88' lang='lat' dir='ltr'>mellus</span> <span class='ocrx_word' id='word_1_34' title='bbox 971 794 1013 842; x_wconf 80' lang='lat' dir='ltr'>elii</span> <span class='ocrx_word' id='word_1_35' title='bbox 1033 794 1138 845; x_wconf 81' lang='lat' dir='ltr'>Rbtetos</span> 
     </span>
     <span class='ocr_line' id='line_1_6' title="bbox 54 855 1138 922; baseline 0.005 -20"><span class='ocrx_word' id='word_1_36' title='bbox 54 855 202 904; x_wconf 88' lang='lat' dir='ltr'>Vindelicos</span> <span class='ocrx_word' id='word_1_37' title='bbox 214 856 253 902; x_wconf 86' lang='lat' dir='ltr'>rel</span> <span class='ocrx_word' id='word_1_38' title='bbox 270 856 415 918; x_wconf 76' lang='lat' dir='ltr'>intelligunt</span> <span class='ocrx_word' id='word_1_39' title='bbox 432 856 582 907; x_wconf 64' lang='lat' dir='ltr'>unctorum</span> <span class='ocrx_word' id='word_1_40' title='bbox 600 865 697 921; x_wconf 82' lang='lat' dir='ltr'>portem</span> <span class='ocrx_word' id='word_1_41' title='bbox 714 857 854 906; x_wconf 90' lang='lat' dir='ltr'>Vindelicis</span> <span class='ocrx_word' id='word_1_42' title='bbox 867 858 1021 920; x_wconf 88' lang='lat' dir='ltr'>propiorem,</span> <span class='ocrx_word' id='word_1_43' title='bbox 1040 859 1079 907; x_wconf 83' lang='lat' dir='ltr'>vel</span> <span class='ocrx_word' id='word_1_44' title='bbox 1095 858 1138 922; x_wconf 88' lang='lat' dir='ltr'>(ut</span> 
     </span>
     <span class='ocr_line' id='line_1_7' title="bbox 53 918 1138 982; baseline 0.006 -16"><span class='ocrx_word' id='word_1_45' title='bbox 53 918 147 980; x_wconf 88' lang='lat' dir='ltr'>Geso.)</span> <span class='ocrx_word' id='word_1_46' title='bbox 166 919 269 966; x_wconf 69' lang='lat' dir='ltr'>Rboetus</span> <span class='ocrx_word' id='word_1_47' title='bbox 281 933 334 979; x_wconf 86' lang='lat' dir='ltr'>eos,</span> <span class='ocrx_word' id='word_1_48' title='bbox 346 921 388 982; x_wconf 88' lang='lat' dir='ltr'>qui</span> <span class='ocrx_word' id='word_1_49' title='bbox 401 920 546 980; x_wconf 80' lang='lat' dir='ltr'>specialiori</span> <span class='ocrx_word' id='word_1_50' title='bbox 558 923 658 970; x_wconf 88' lang='lat' dir='ltr'>nornine</span> <span class='ocrx_word' id='word_1_51' title='bbox 671 920 799 969; x_wconf 87' lang='lat' dir='ltr'>Vindelici</span> <span class='ocrx_word' id='word_1_52' title='bbox 816 920 938 982; x_wconf 86' lang='lat' dir='ltr'>rppeiisti</span> <span class='ocrx_word' id='word_1_53' title='bbox 951 920 1062 980; x_wconf 57' lang='lat' dir='ltr'>interium</span> <span class='ocrx_word' id='word_1_54' title='bbox 1080 936 1138 972; x_wconf 88' lang='lat' dir='ltr'>usur</span> 
     </span>
     <span class='ocr_line' id='line_1_8' title="bbox 54 982 1139 1046; baseline 0.006 -19"><span class='ocrx_word' id='word_1_55' title='bbox 54 984 168 1030; x_wconf 85' lang='lat' dir='ltr'>boccum</span> <span class='ocrx_word' id='word_1_56' title='bbox 180 982 255 1044; x_wconf 88' lang='lat' dir='ltr'>pinne</span> <span class='ocrx_word' id='word_1_57' title='bbox 267 982 427 1031; x_wconf 85' lang='lat' dir='ltr'>srbitrsrium</span> <span class='ocrx_word' id='word_1_58' title='bbox 444 989 494 1043; x_wconf 90' lang='lat' dir='ltr'>est,</span> <span class='ocrx_word' id='word_1_59' title='bbox 513 997 560 1032; x_wconf 89' lang='lat' dir='ltr'>nec</span> <span class='ocrx_word' id='word_1_60' title='bbox 580 985 642 1033; x_wconf 79' lang='lat' dir='ltr'>setis</span> <span class='ocrx_word' id='word_1_61' title='bbox 661 992 862 1033; x_wconf 75' lang='lat' dir='ltr'>cousentaneum</span> <span class='ocrx_word' id='word_1_62' title='bbox 874 983 976 1046; x_wconf 86' lang='lat' dir='ltr'>qrridem</span> <span class='ocrx_word' id='word_1_63' title='bbox 994 982 1060 1031; x_wconf 91' lang='lat' dir='ltr'>illius</span> <span class='ocrx_word' id='word_1_64' title='bbox 1077 984 1139 1046; x_wconf 88' lang='lat' dir='ltr'>belli</span> 
     </span>
     <span class='ocr_line' id='line_1_9' title="bbox 57 1044 1138 1109; baseline 0.004 -18"><span class='ocrx_word' id='word_1_65' title='bbox 57 1045 188 1105; x_wconf 76' lang='lat' dir='ltr'>Historiis,</span> <span class='ocrx_word' id='word_1_66' title='bbox 200 1052 347 1107; x_wconf 70' lang='lat' dir='ltr'>rumonim</span> <span class='ocrx_word' id='word_1_67' title='bbox 359 1045 467 1093; x_wconf 70' lang='lat' dir='ltr'>alienum</span> <span class='ocrx_word' id='word_1_68' title='bbox 479 1046 514 1094; x_wconf 87' lang='lat' dir='ltr'>sit</span> <span class='ocrx_word' id='word_1_69' title='bbox 532 1061 548 1094; x_wconf 89' lang='lat' dir='ltr'>s</span> <span class='ocrx_word' id='word_1_70' title='bbox 566 1047 664 1096; x_wconf 74' lang='lat' dir='ltr'>ratione</span> <span class='ocrx_word' id='word_1_71' title='bbox 675 1047 774 1109; x_wconf 83' lang='lat' dir='ltr'>po&#39;e&#39;tice</span> <span class='ocrx_word' id='word_1_72' title='bbox 786 1054 814 1095; x_wconf 87' lang='lat' dir='ltr'>et</span> <span class='ocrx_word' id='word_1_73' title='bbox 829 1046 919 1108; x_wconf 76' lang='lat' dir='ltr'>lyrici,</span> <span class='ocrx_word' id='word_1_74' title='bbox 931 1044 1007 1094; x_wconf 81' lang='lat' dir='ltr'>iscile</span> <span class='ocrx_word' id='word_1_75' title='bbox 1018 1047 1138 1095; x_wconf 74' lang='lat' dir='ltr'>sentitur.</span> 
     </span>
     <span class='ocr_line' id='line_1_10' title="bbox 54 1108 1139 1172; baseline 0.003 -17"><span class='ocrx_word' id='word_1_76' title='bbox 54 1108 216 1156; x_wconf 71' lang='lat' dir='ltr'>Rieti...et</span> <span class='ocrx_word' id='word_1_77' title='bbox 231 1109 346 1156; x_wconf 76' lang='lat' dir='ltr'><strong><em>Vindelici</em></strong></span> <span class='ocrx_word' id='word_1_78' title='bbox 357 1108 433 1170; x_wconf 85' lang='lat' dir='ltr'>pnuei</span> <span class='ocrx_word' id='word_1_79' title='bbox 443 1108 546 1169; x_wconf 81' lang='lat' dir='ltr'>quidem</span> <span class='ocrx_word' id='word_1_80' title='bbox 558 1110 634 1159; x_wconf 89' lang='lat' dir='ltr'>codd.</span> <span class='ocrx_word' id='word_1_81' title='bbox 650 1118 678 1159; x_wconf 89' lang='lat' dir='ltr'>nt</span> <span class='ocrx_word' id='word_1_82' title='bbox 698 1111 786 1158; x_wconf 88' lang='lat' dir='ltr'>Bentl.</span> <span class='ocrx_word' id='word_1_83' title='bbox 805 1110 903 1159; x_wconf 82' lang='lat' dir='ltr'>Buttel.</span> <span class='ocrx_word' id='word_1_84' title='bbox 922 1109 992 1171; x_wconf 89' lang='lat' dir='ltr'>Lips.</span> <span class='ocrx_word' id='word_1_85' title='bbox 1005 1114 1027 1157; x_wconf 89' lang='lat'>1.</span> <span class='ocrx_word' id='word_1_86' title='bbox 1044 1109 1139 1172; x_wconf 75' lang='lat' dir='ltr'>iiiique</span> 
     </span>
     <span class='ocr_line' id='line_1_11' title="bbox 55 1171 1138 1235; baseline 0.004 -19"><span class='ocrx_word' id='word_1_87' title='bbox 55 1171 218 1232; x_wconf 75' lang='lat' dir='ltr'>recentiores,</span> <span class='ocrx_word' id='word_1_88' title='bbox 236 1171 297 1218; x_wconf 90' lang='lat' dir='ltr'>item</span> <span class='ocrx_word' id='word_1_89' title='bbox 315 1171 412 1220; x_wconf 87' lang='lat' dir='ltr'>Muret.</span> <span class='ocrx_word' id='word_1_90' title='bbox 430 1172 521 1220; x_wconf 84' lang='lat' dir='ltr'>Heius.</span> <span class='ocrx_word' id='word_1_91' title='bbox 538 1174 626 1235; x_wconf 88' lang='lat' dir='ltr'>Steplr.</span> <span class='ocrx_word' id='word_1_92' title='bbox 638 1175 759 1234; x_wconf 78' lang='lat' dir='ltr'>Rutgers.</span> <span class='ocrx_word' id='word_1_93' title='bbox 770 1172 829 1221; x_wconf 80' lang='lat' dir='ltr'>Feb.</span> <span class='ocrx_word' id='word_1_94' title='bbox 844 1174 998 1221; x_wconf 68' lang='lat' dir='ltr'>Decentirc.</span> <span class='ocrx_word' id='word_1_95' title='bbox 1040 1173 1138 1220; x_wconf 86' lang='lat' dir='ltr'>Mirrn·</span> 
     </span>
     <span class='ocr_line' id='line_1_12' title="bbox 54 1233 1140 1298; baseline 0.003 -17"><span class='ocrx_word' id='word_1_96' title='bbox 54 1233 122 1292; x_wconf 90' lang='lat' dir='ltr'>dum,</span> <span class='ocrx_word' id='word_1_97' title='bbox 133 1234 260 1297; x_wconf 85' lang='lat' dir='ltr'>quomodo</span> <span class='ocrx_word' id='word_1_98' title='bbox 277 1241 329 1283; x_wconf 85' lang='lat' dir='ltr'>tsrn</span> <span class='ocrx_word' id='word_1_99' title='bbox 346 1235 438 1284; x_wconf 78' lang='lat' dir='ltr'>inultus</span> <span class='ocrx_word' id='word_1_100' title='bbox 454 1235 530 1284; x_wconf 84' lang='lat' dir='ltr'>editt.</span> <span class='ocrx_word' id='word_1_101' title='bbox 547 1249 676 1298; x_wconf 69' lang='lat' dir='ltr'>occupare</span> <span class='ocrx_word' id='word_1_102' title='bbox 695 1237 808 1298; x_wconf 88' lang='lat' dir='ltr'>potuerit</span> <span class='ocrx_word' id='word_1_103' title='bbox 827 1236 905 1283; x_wconf 90' lang='lat' dir='ltr'>lectio</span> <span class='ocrx_word' id='word_1_104' title='bbox 926 1235 963 1283; x_wconf 80' lang='lat' dir='ltr'>its</span> <span class='ocrx_word' id='word_1_105' title='bbox 980 1235 1092 1295; x_wconf 72' lang='lat' dir='ltr'>vulgaris</span> <span class='ocrx_word' id='word_1_106' title='bbox 1112 1242 1140 1284; x_wconf 92' lang='lat' dir='ltr'>et</span> 
     </span>
     <span class='ocr_line' id='line_1_13' title="bbox 53 1297 1139 1362; baseline 0.001 -17"><span class='ocrx_word' id='word_1_107' title='bbox 53 1298 179 1359; x_wconf 85' lang='lat' dir='ltr'>prossice,</span> <span class='ocrx_word' id='word_1_108' title='bbox 198 1311 272 1359; x_wconf 77' lang='lat' dir='ltr'>quem</span> <span class='ocrx_word' id='word_1_109' title='bbox 291 1297 324 1345; x_wconf 83' lang='lat' dir='ltr'>eb</span> <span class='ocrx_word' id='word_1_110' title='bbox 335 1298 527 1360; x_wconf 73' lang='lat' dir='ltr'>interpolatoris</span> <span class='ocrx_word' id='word_1_111' title='bbox 540 1300 666 1362; x_wconf 78' lang='lat' dir='ltr'>sapientis</span> <span class='ocrx_word' id='word_1_112' title='bbox 678 1312 732 1346; x_wconf 86' lang='lat' dir='ltr'>esse</span> <span class='ocrx_word' id='word_1_113' title='bbox 743 1299 829 1347; x_wconf 82' lang='lat' dir='ltr'>stetim</span> <span class='ocrx_word' id='word_1_114' title='bbox 842 1306 974 1361; x_wconf 85' lang='lat' dir='ltr'>nppsrest.</span> <span class='ocrx_word' id='word_1_115' title='bbox 1009 1298 1139 1346; x_wconf 77' lang='lat' dir='ltr'>Praecisre</span> 
     </span>
     <span class='ocr_line' id='line_1_14' title="bbox 54 1360 1140 1423; baseline 0.003 -16"><span class='ocrx_word' id='word_1_116' title='bbox 54 1361 134 1421; x_wconf 77' lang='lat' dir='ltr'>igitur</span> <span class='ocrx_word' id='word_1_117' title='bbox 142 1361 231 1409; x_wconf 88' lang='lat' dir='ltr'>Benti.</span> <span class='ocrx_word' id='word_1_118' title='bbox 248 1360 368 1409; x_wconf 68' lang='lat' dir='ltr'>niens...</span> <span class='ocrx_word' id='word_1_119' title='bbox 374 1360 499 1421; x_wconf 79' lang='lat' dir='ltr'>Vindelici,</span> <span class='ocrx_word' id='word_1_120' title='bbox 510 1361 547 1410; x_wconf 88' lang='lat' dir='ltr'>uti</span> <span class='ocrx_word' id='word_1_121' title='bbox 557 1370 613 1411; x_wconf 83' lang='lat' dir='ltr'>eret</span> <span class='ocrx_word' id='word_1_122' title='bbox 623 1364 649 1410; x_wconf 91' lang='lat' dir='ltr'>in</span> <span class='ocrx_word' id='word_1_123' title='bbox 660 1361 718 1410; x_wconf 88' lang='lat' dir='ltr'>cod.</span> <span class='ocrx_word' id='word_1_124' title='bbox 726 1360 913 1423; x_wconf 86' lang='lat' dir='ltr'>Rottendorpb.</span> <span class='ocrx_word' id='word_1_125' title='bbox 924 1361 986 1409; x_wconf 87' lang='lat' dir='ltr'>item</span> <span class='ocrx_word' id='word_1_126' title='bbox 994 1360 1021 1408; x_wconf 91' lang='lat' dir='ltr'>in</span> <span class='ocrx_word' id='word_1_127' title='bbox 1033 1361 1140 1410; x_wconf 78' lang='lat' dir='ltr'>unocu-</span> 
     </span>
     <span class='ocr_line' id='line_1_15' title="bbox 54 1423 1138 1487; baseline 0.002 -18"><span class='ocrx_word' id='word_1_128' title='bbox 54 1425 123 1487; x_wconf 70' lang='lat' dir='ltr'>ning.</span> <span class='ocrx_word' id='word_1_129' title='bbox 158 1424 201 1472; x_wconf 90' lang='lat' dir='ltr'>lts</span> <span class='ocrx_word' id='word_1_130' title='bbox 212 1431 239 1470; x_wconf 92' lang='lat' dir='ltr'>et</span> <span class='ocrx_word' id='word_1_131' title='bbox 252 1423 287 1470; x_wconf 87' lang='lat' dir='ltr'>N.</span> <span class='ocrx_word' id='word_1_132' title='bbox 299 1423 391 1472; x_wconf 83' lang='lat' dir='ltr'>Heius.</span> <span class='ocrx_word' id='word_1_133' title='bbox 402 1438 444 1487; x_wconf 83' lang='lat' dir='ltr'>sp.</span> <span class='ocrx_word' id='word_1_134' title='bbox 462 1425 547 1474; x_wconf 89' lang='lat' dir='ltr'>Bentl.</span> <span class='ocrx_word' id='word_1_135' title='bbox 558 1425 621 1474; x_wconf 85' lang='lat' dir='ltr'>item</span> <span class='ocrx_word' id='word_1_136' title='bbox 633 1425 698 1473; x_wconf 87' lang='lat' dir='ltr'>Cun.</span> <span class='ocrx_word' id='word_1_137' title='bbox 710 1424 802 1473; x_wconf 79' lang='lat' dir='ltr'>Ssusd.</span> <span class='ocrx_word' id='word_1_138' title='bbox 813 1431 840 1472; x_wconf 90' lang='lat' dir='ltr'>et</span> <span class='ocrx_word' id='word_1_139' title='bbox 850 1424 910 1474; x_wconf 80' lang='lat' dir='ltr'>Jou.</span> <span class='ocrx_word' id='word_1_140' title='bbox 923 1423 1004 1471; x_wconf 80' lang='lat' dir='ltr'>Feret</span> <span class='ocrx_word' id='word_1_141' title='bbox 1018 1424 1042 1470; x_wconf 88' lang='lat' dir='ltr'>ei</span> <span class='ocrx_word' id='word_1_142' title='bbox 1053 1437 1138 1471; x_wconf 88' lang='lat' dir='ltr'>emen·</span> 
     </span>
     <span class='ocr_line' id='line_1_16' title="bbox 54 1485 1139 1561; baseline 0.003 -30"><span class='ocrx_word' id='word_1_143' title='bbox 54 1487 162 1540; x_wconf 83' lang='lat' dir='ltr'>dationi,</span> <span class='ocrx_word' id='word_1_144' title='bbox 173 1485 240 1561; x_wconf 81' lang='lat' dir='ltr'>quod</span> <span class='ocrx_word' id='word_1_145' title='bbox 252 1485 277 1533; x_wconf 85' lang='lat' dir='ltr'>in</span> <span class='ocrx_word' id='word_1_146' title='bbox 288 1486 352 1536; x_wconf 88' lang='lat' dir='ltr'>Mss.</span> <span class='ocrx_word' id='word_1_147' title='bbox 362 1493 391 1535; x_wconf 88' lang='grc' dir='ltr'>ιιι</span> <span class='ocrx_word' id='word_1_148' title='bbox 402 1501 452 1536; x_wconf 88' lang='lat' dir='ltr'>uno</span> <span class='ocrx_word' id='word_1_149' title='bbox 462 1489 579 1537; x_wconf 83' lang='lat' dir='ltr'>Torrent.</span> <span class='ocrx_word' id='word_1_150' title='bbox 591 1488 705 1537; x_wconf 77' lang='lat' dir='ltr'>Bentleii</span> <span class='ocrx_word' id='word_1_151' title='bbox 716 1488 804 1536; x_wconf 65' lang='grc' dir='ltr'><strong>(ἔτει.</strong></span> <span class='ocrx_word' id='word_1_152' title='bbox 815 1486 931 1548; x_wconf 87' lang='lat' dir='ltr'>pluribus</span> <span class='ocrx_word' id='word_1_153' title='bbox 942 1487 1007 1535; x_wconf 81' lang='lat' dir='ltr'>Cum</span> <span class='ocrx_word' id='word_1_154' title='bbox 1019 1486 1139 1548; x_wconf 68' lang='lat' dir='ltr'>Gottinp.</span> 
     </span>
     <span class='ocr_line' id='line_1_17' title="bbox 54 1549 1139 1613; baseline 0.001 -17"><span class='ocrx_word' id='word_1_155' title='bbox 54 1557 95 1597; x_wconf 86' lang='lat' dir='ltr'>est</span> <span class='ocrx_word' id='word_1_156' title='bbox 108 1549 200 1607; x_wconf 69' lang='lat' dir='ltr'>uterer,</span> <span class='ocrx_word' id='word_1_157' title='bbox 210 1557 300 1610; x_wconf 80' lang='lat' dir='ltr'>operto</span> <span class='ocrx_word' id='word_1_158' title='bbox 311 1549 386 1612; x_wconf 75' lang='lat' dir='ltr'>lapsu</span> <span class='ocrx_word' id='word_1_159' title='bbox 397 1566 443 1613; x_wconf 94' lang='lat' dir='ltr'>pro</span> <span class='ocrx_word' id='word_1_160' title='bbox 454 1552 549 1601; x_wconf 83' lang='lat' dir='ltr'>Risetis.</span> <span class='ocrx_word' id='word_1_161' title='bbox 576 1552 654 1600; x_wconf 88' lang='lat' dir='ltr'>Nunc</span> <span class='ocrx_word' id='word_1_162' title='bbox 666 1559 693 1599; x_wconf 91' lang='lat' dir='ltr'>et</span> <span class='ocrx_word' id='word_1_163' title='bbox 705 1551 827 1610; x_wconf 80' lang='lat' dir='ltr'>expedite</span> <span class='ocrx_word' id='word_1_164' title='bbox 837 1558 864 1599; x_wconf 88' lang='lat' dir='ltr'>et</span> <span class='ocrx_word' id='word_1_165' title='bbox 875 1551 1000 1612; x_wconf 78' lang='lat' dir='ltr'>proeelsrs</span> <span class='ocrx_word' id='word_1_166' title='bbox 1009 1552 1139 1598; x_wconf 87' lang='lat' dir='ltr'>sententis</span> 
     </span>
     <span class='ocr_line' id='line_1_18' title="bbox 55 1611 1140 1675; baseline 0.003 -17"><span class='ocrx_word' id='word_1_167' title='bbox 55 1618 103 1658; x_wconf 86' lang='lat' dir='ltr'>cst.</span> <span class='ocrx_word' id='word_1_168' title='bbox 136 1611 258 1659; x_wconf 86' lang='lat' dir='ltr'>Ceterum</span> <span class='ocrx_word' id='word_1_169' title='bbox 270 1613 338 1662; x_wconf 85' lang='lat' dir='ltr'>vsrie</span> <span class='ocrx_word' id='word_1_170' title='bbox 350 1613 423 1664; x_wconf 90' lang='lat' dir='ltr'>codd.</span> <span class='ocrx_word' id='word_1_171' title='bbox 435 1616 577 1665; x_wconf 82' lang='lat' dir='ltr'>exhibent:</span> <span class='ocrx_word' id='word_1_172' title='bbox 590 1616 657 1675; x_wconf 79' lang='lat' dir='ltr'>Reti,</span> <span class='ocrx_word' id='word_1_173' title='bbox 670 1614 755 1675; x_wconf 75' lang='lat' dir='ltr'>uteri,</span> <span class='ocrx_word' id='word_1_174' title='bbox 767 1613 848 1674; x_wconf 75' lang='lat' dir='ltr'>licini,</span> <span class='ocrx_word' id='word_1_175' title='bbox 862 1613 950 1672; x_wconf 74' lang='lat' dir='ltr'>liberti,</span> <span class='ocrx_word' id='word_1_176' title='bbox 963 1613 1053 1672; x_wconf 81' lang='lat' dir='ltr'>Roetlri,</span> <span class='ocrx_word' id='word_1_177' title='bbox 1066 1612 1140 1669; x_wconf 70' lang='lat' dir='ltr'>Reti,</span> 
     </span>
     <span class='ocr_line' id='line_1_19' title="bbox 56 1673 1138 1742; baseline 0.005 -23"><span class='ocrx_word' id='word_1_178' title='bbox 56 1673 145 1722; x_wconf 73' lang='lat' dir='ltr'>liberti.</span> <span class='ocrx_word' id='word_1_179' title='bbox 179 1675 242 1722; x_wconf 72' lang='lat' dir='ltr'>Dum</span> <span class='ocrx_word' id='word_1_180' title='bbox 263 1683 398 1736; x_wconf 82' lang='lat' dir='ltr'>postremre</span> <span class='ocrx_word' id='word_1_181' title='bbox 416 1679 551 1742; x_wconf 79' lang='lat' dir='ltr'>scriptume</span> <span class='ocrx_word' id='word_1_182' title='bbox 572 1679 639 1728; x_wconf 84' lang='lat' dir='ltr'>bene</span> <span class='ocrx_word' id='word_1_183' title='bbox 657 1679 763 1739; x_wconf 80' lang='lat' dir='ltr'>babent,</span> <span class='ocrx_word' id='word_1_184' title='bbox 782 1685 877 1726; x_wconf 82' lang='lat' dir='ltr'>ceterne</span> <span class='ocrx_word' id='word_1_185' title='bbox 898 1677 1053 1738; x_wconf 67' lang='lat' dir='ltr'>corruptele</span> <span class='ocrx_word' id='word_1_186' title='bbox 1069 1683 1138 1724; x_wconf 90' lang='lat' dir='ltr'>suut.</span> 
     </span>
     <span class='ocr_line' id='line_1_20' title="bbox 55 1736 1142 1806; baseline -0.001 -19"><span class='ocrx_word' id='word_1_187' title='bbox 55 1737 106 1787; x_wconf 79' lang='lat' dir='ltr'>Qui</span> <span class='ocrx_word' id='word_1_188' title='bbox 120 1736 185 1785; x_wconf 72' lang='lat' dir='ltr'>lteri</span> <span class='ocrx_word' id='word_1_189' title='bbox 195 1739 320 1799; x_wconf 90' lang='lat' dir='ltr'>scribunt,</span> <span class='ocrx_word' id='word_1_190' title='bbox 333 1740 387 1789; x_wconf 90' lang='lat' dir='ltr'>sine</span> <span class='ocrx_word' id='word_1_191' title='bbox 399 1742 564 1806; x_wconf 83' lang='lat' dir='ltr'>sspirstione,</span> <span class='ocrx_word' id='word_1_192' title='bbox 580 1756 638 1792; x_wconf 88' lang='lat' dir='ltr'>cnm</span> <span class='ocrx_word' id='word_1_193' title='bbox 656 1757 706 1790; x_wconf 89' lang='lat' dir='ltr'>non</span> <span class='ocrx_word' id='word_1_194' title='bbox 722 1756 779 1790; x_wconf 83' lang='lat' dir='ltr'>esse</span> <span class='ocrx_word' id='word_1_195' title='bbox 795 1741 915 1790; x_wconf 75' lang='lat' dir='ltr'>Groecnm</span> <span class='ocrx_word' id='word_1_196' title='bbox 927 1754 1018 1788; x_wconf 89' lang='lat' dir='ltr'>nomeu</span> <span class='ocrx_word' id='word_1_197' title='bbox 1030 1746 1142 1799; x_wconf 88' lang='lat' dir='ltr'>monent,</span> 
     </span>
     <span class='ocr_line' id='line_1_21' title="bbox 56 1800 1141 1868; baseline 0.003 -20"><span class='ocrx_word' id='word_1_198' title='bbox 56 1807 109 1848; x_wconf 88' lang='lat' dir='ltr'>tum</span> <span class='ocrx_word' id='word_1_199' title='bbox 121 1800 217 1864; x_wconf 75' lang='lat' dir='ltr'>lapides</span> <span class='ocrx_word' id='word_1_200' title='bbox 229 1802 363 1862; x_wconf 80' lang='lat' dir='ltr'>advocent,</span> <span class='ocrx_word' id='word_1_201' title='bbox 382 1812 408 1853; x_wconf 89' lang='grc' dir='ltr'>ιιι</span> <span class='ocrx_word' id='word_1_202' title='bbox 422 1820 463 1868; x_wconf 84' lang='lat' dir='ltr'>np.</span> <span class='ocrx_word' id='word_1_203' title='bbox 475 1807 581 1855; x_wconf 83' lang='lat' dir='ltr'>Gruter.</span> <span class='ocrx_word' id='word_1_204' title='bbox 591 1821 617 1868; x_wconf 88' lang='lat' dir='ltr'>p.</span> <span class='ocrx_word' id='word_1_205' title='bbox 628 1809 684 1854; x_wconf 75' lang='grc'><strong>376.</strong></span> <span class='ocrx_word' id='word_1_206' title='bbox 695 1821 721 1853; x_wconf 89' lang='grc' dir='ltr'>ιι.</span> <span class='ocrx_word' id='word_1_207' title='bbox 733 1810 758 1853; x_wconf 86' lang='lat' dir='ltr'>o.</span> <span class='ocrx_word' id='word_1_208' title='bbox 774 1808 830 1853; x_wconf 76' lang='lat' dir='ltr'>teu.</span> <span class='ocrx_word' id='word_1_209' title='bbox 843 1817 870 1850; x_wconf 88' lang='lat' dir='ltr'>n.</span> <span class='ocrx_word' id='word_1_210' title='bbox 879 1807 903 1850; x_wconf 86' lang='grc'><strong>8.</strong></span> <span class='ocrx_word' id='word_1_211' title='bbox 920 1808 977 1851; x_wconf 77' lang='lat' dir='ltr'>snt.</span> <span class='ocrx_word' id='word_1_212' title='bbox 988 1817 1014 1849; x_wconf 90' lang='lat' dir='ltr'>u.</span> <span class='ocrx_word' id='word_1_213' title='bbox 1026 1806 1050 1850; x_wconf 73' lang='lat' dir='ltr'>i.</span> <span class='ocrx_word' id='word_1_214' title='bbox 1086 1803 1141 1851; x_wconf 90' lang='lat' dir='ltr'>Ne·</span> 
     </span>
     <span class='ocr_line' id='line_1_22' title="bbox 55 1864 1141 1930; baseline -0.001 -19"><span class='ocrx_word' id='word_1_215' title='bbox 55 1877 105 1923; x_wconf 85' lang='lat' dir='ltr'>que</span> <span class='ocrx_word' id='word_1_216' title='bbox 121 1870 207 1912; x_wconf 79' lang='lat' dir='ltr'>temen</span> <span class='ocrx_word' id='word_1_217' title='bbox 223 1866 286 1914; x_wconf 79' lang='lat' dir='ltr'>vitio</span> <span class='ocrx_word' id='word_1_218' title='bbox 300 1868 367 1916; x_wconf 86' lang='lat' dir='ltr'>verti</span> <span class='ocrx_word' id='word_1_219' title='bbox 386 1869 478 1929; x_wconf 82' lang='lat' dir='ltr'>possit,</span> <span class='ocrx_word' id='word_1_220' title='bbox 496 1871 517 1916; x_wconf 88' lang='lat' dir='ltr'>si</span> <span class='ocrx_word' id='word_1_221' title='bbox 528 1870 585 1930; x_wconf 89' lang='lat' dir='ltr'>quis</span> <span class='ocrx_word' id='word_1_222' title='bbox 601 1867 699 1915; x_wconf 77' lang='lat' dir='ltr'>scribet</span> <span class='ocrx_word' id='word_1_223' title='bbox 711 1867 802 1925; x_wconf 80' lang='lat' dir='ltr'>eroete&#39;,</span> <span class='ocrx_word' id='word_1_224' title='bbox 820 1879 877 1911; x_wconf 89' lang='lat' dir='ltr'>cum</span> <span class='ocrx_word' id='word_1_225' title='bbox 897 1864 932 1908; x_wconf 90' lang='lat' dir='ltr'>ob</span> <span class='ocrx_word' id='word_1_226' title='bbox 951 1877 1078 1910; x_wconf 86' lang='lat' dir='ltr'>nummum</span> <span class='ocrx_word' id='word_1_227' title='bbox 1099 1877 1141 1924; x_wconf 88' lang='lat' dir='ltr'>sp.</span> 
     </span>
     <span class='ocr_line' id='line_1_23' title="bbox 54 1923 1141 1990; baseline -0.002 -16"><span class='ocrx_word' id='word_1_228' title='bbox 54 1927 191 1987; x_wconf 76' lang='lat' dir='ltr'>spanhem.</span> <span class='ocrx_word' id='word_1_229' title='bbox 203 1928 236 1977; x_wconf 85' lang='lat' dir='ltr'>de</span> <span class='ocrx_word' id='word_1_230' title='bbox 248 1929 315 1977; x_wconf 85' lang='lat' dir='ltr'>V.N.</span> <span class='ocrx_word' id='word_1_231' title='bbox 326 1946 351 1990; x_wconf 92' lang='lat' dir='ltr'>p.</span> <span class='ocrx_word' id='word_1_232' title='bbox 362 1933 419 1977; x_wconf 74' lang='lat' dir='ltr'>ets.</span> <span class='ocrx_word' id='word_1_233' title='bbox 437 1942 570 1977; x_wconf 79' lang='lat' dir='ltr'>nnenrcvs</span> <span class='ocrx_word' id='word_1_234' title='bbox 589 1939 749 1979; x_wconf 69' lang='lat' dir='ltr'>extincturus,</span> <span class='ocrx_word' id='word_1_235' title='bbox 767 1934 819 1970; x_wconf 89' lang='lat' dir='ltr'>tunr</span> <span class='ocrx_word' id='word_1_236' title='bbox 832 1924 986 1970; x_wconf 75' lang='lat' dir='ltr'>auctoritate</span> <span class='ocrx_word' id='word_1_237' title='bbox 997 1923 1141 1985; x_wconf 70' lang='lat' dir='ltr'>Strabonis,</span> 
     </span>
     <span class='ocr_line' id='line_1_24' title="bbox 55 1988 1141 2055; baseline -0.001 -19"><span class='ocrx_word' id='word_1_238' title='bbox 55 1990 154 2044; x_wconf 86' lang='lat' dir='ltr'>Dionis.</span> <span class='ocrx_word' id='word_1_239' title='bbox 165 1996 212 2040; x_wconf 73' lang='lat' dir='ltr'>dec.</span> <span class='ocrx_word' id='word_1_240' title='bbox 229 1992 319 2055; x_wconf 83' lang='lat' dir='ltr'>quibus</span> <span class='ocrx_word' id='word_1_241' title='bbox 331 1990 564 2048; x_wconf 77' lang='lat' dir='ltr'>euut‘l’onol,deui</span> <span class='ocrx_word' id='word_1_242' title='bbox 584 2001 616 2034; x_wconf 86' lang='lat' dir='ltr'>ne</span> <span class='ocrx_word' id='word_1_243' title='bbox 634 1989 667 2034; x_wconf 91' lang='lat' dir='ltr'>ob</span> <span class='ocrx_word' id='word_1_244' title='bbox 685 1988 816 2046; x_wconf 74' lang='lat' dir='ltr'>vulgarem</span> <span class='ocrx_word' id='word_1_245' title='bbox 835 1993 1017 2047; x_wconf 75' lang='lat' dir='ltr'>receptamque</span> <span class='ocrx_word' id='word_1_246' title='bbox 1033 2000 1141 2035; x_wconf 81' lang='lat' dir='ltr'>consue·</span> 
     </span>
     <span class='ocr_line' id='line_1_25' title="bbox 55 2048 1142 2116; baseline -0.003 -15"><span class='ocrx_word' id='word_1_247' title='bbox 55 2053 177 2112; x_wconf 85' lang='lat' dir='ltr'>tudinem,</span> <span class='ocrx_word' id='word_1_248' title='bbox 188 2069 237 2116; x_wconf 84' lang='lat' dir='ltr'>qun</span> <span class='ocrx_word' id='word_1_249' title='bbox 249 2054 325 2100; x_wconf 81' lang='lat' dir='ltr'>etiem</span> <span class='ocrx_word' id='word_1_250' title='bbox 340 2052 443 2109; x_wconf 56' lang='lat' dir='ltr'>illesum</span> <span class='ocrx_word' id='word_1_251' title='bbox 454 2051 556 2098; x_wconf 89' lang='lat' dir='ltr'>minime</span> <span class='ocrx_word' id='word_1_252' title='bbox 595 2063 686 2099; x_wconf 79' lang='lat' dir='ltr'>roeenm</span> <span class='ocrx_word' id='word_1_253' title='bbox 698 2063 799 2103; x_wconf 88' lang='lat' dir='ltr'>nomeu,</span> <span class='ocrx_word' id='word_1_254' title='bbox 810 2048 948 2097; x_wconf 88' lang='lat' dir='ltr'>scribitur.&#39;</span> <span class='ocrx_word' id='word_1_255' title='bbox 958 2049 1025 2096; x_wconf 79' lang='lat' dir='ltr'>doni.</span> <span class='ocrx_word' id='word_1_256' title='bbox 1060 2050 1142 2098; x_wconf 81' lang='lat' dir='ltr'>Rioeti</span> 
     </span>
     <span class='ocr_line' id='line_1_26' title="bbox 56 2110 1141 2173; baseline 0.001 -11"><span class='ocrx_word' id='word_1_257' title='bbox 56 2147 62 2161; x_wconf 98' lang='lat'>.</span> <span class='ocrx_word' id='word_1_258' title='bbox 75 2148 82 2161; x_wconf 93' lang='lat'>.</span> <span class='ocrx_word' id='word_1_259' title='bbox 95 2149 102 2162; x_wconf 91' lang='lat'>.</span> <span class='ocrx_word' id='word_1_260' title='bbox 115 2149 121 2163; x_wconf 97' lang='lat'>.</span> <span class='ocrx_word' id='word_1_261' title='bbox 138 2115 254 2162; x_wconf 81' lang='lat' dir='ltr'>Vindelici</span> <span class='ocrx_word' id='word_1_262' title='bbox 271 2114 344 2160; x_wconf 84' lang='lat' dir='ltr'>Heri.</span> <span class='ocrx_word' id='word_1_263' title='bbox 357 2117 378 2159; x_wconf 90' lang='grc'><strong>1.</strong></span> <span class='ocrx_word' id='word_1_264' title='bbox 389 2116 413 2162; x_wconf 73' lang='lat'>2.</span> <span class='ocrx_word' id='word_1_265' title='bbox 423 2118 447 2161; x_wconf 73' lang='lat' dir='ltr'>t.</span> <span class='ocrx_word' id='word_1_266' title='bbox 458 2116 482 2160; x_wconf 84' lang='grc'><strong>1.</strong></span> <span class='ocrx_word' id='word_1_267' title='bbox 495 2119 519 2160; x_wconf 83' lang='grc'><strong>5.</strong></span> <span class='ocrx_word' id='word_1_268' title='bbox 530 2117 555 2160; x_wconf 84' lang='lat' dir='ltr'>u.</span> <span class='ocrx_word' id='word_1_269' title='bbox 599 2113 676 2160; x_wconf 75' lang='lat' dir='ltr'>Ratis</span> <span class='ocrx_word' id='word_1_270' title='bbox 693 2113 780 2161; x_wconf 83' lang='lat' dir='ltr'>lsudet</span> <span class='ocrx_word' id='word_1_271' title='bbox 799 2111 969 2173; x_wconf 83' lang='lat' dir='ltr'>Oudendorp.</span> <span class='ocrx_word' id='word_1_272' title='bbox 982 2110 1014 2159; x_wconf 89' lang='lat' dir='ltr'>sd</span> <span class='ocrx_word' id='word_1_273' title='bbox 1034 2113 1141 2163; x_wconf 83' lang='lat' dir='ltr'>Sueten.</span> 
     </span>
     <span class='ocr_line' id='line_1_27' title="bbox 57 2175 1143 2238; baseline 0.001 -15"><span class='ocrx_word' id='word_1_274' title='bbox 57 2177 151 2224; x_wconf 81' lang='lat' dir='ltr'>Octsv.</span> <span class='ocrx_word' id='word_1_275' title='bbox 163 2190 221 2237; x_wconf 82' lang='lat' dir='ltr'>cop.</span> <span class='ocrx_word' id='word_1_276' title='bbox 231 2179 270 2223; x_wconf 78' lang='lat' dir='ltr'>nt.</span> <span class='ocrx_word' id='word_1_277' title='bbox 284 2182 311 2222; x_wconf 91' lang='lat' dir='ltr'>et</span> <span class='ocrx_word' id='word_1_278' title='bbox 321 2176 358 2223; x_wconf 90' lang='lat' dir='ltr'>sic</span> <span class='ocrx_word' id='word_1_279' title='bbox 369 2176 435 2238; x_wconf 83' lang='lat' dir='ltr'>conj.</span> <span class='ocrx_word' id='word_1_280' title='bbox 446 2177 535 2224; x_wconf 85' lang='lat' dir='ltr'>Bentl.</span> <span class='ocrx_word' id='word_1_281' title='bbox 547 2189 596 2223; x_wconf 91' lang='lat' dir='ltr'>non</span> <span class='ocrx_word' id='word_1_282' title='bbox 610 2175 710 2224; x_wconf 71' lang='lat' dir='ltr'>Riaetin</span> <span class='ocrx_word' id='word_1_283' title='bbox 735 2176 814 2223; x_wconf 82' lang='lat' dir='ltr'>‘Cum</span> <span class='ocrx_word' id='word_1_284' title='bbox 824 2176 891 2225; x_wconf 84' lang='lat' dir='ltr'>ano</span> <span class='ocrx_word' id='word_1_285' title='bbox 902 2176 976 2223; x_wconf 89' lang='lat' dir='ltr'>uncis</span> <span class='ocrx_word' id='word_1_286' title='bbox 988 2177 1078 2225; x_wconf 82' lang='lat' dir='ltr'>inclusi</span> <span class='ocrx_word' id='word_1_287' title='bbox 1089 2177 1143 2238; x_wconf 78' lang='lat' dir='ltr'>qui·</span> 
     </span>
     <span class='ocr_line' id='line_1_28' title="bbox 56 2237 1141 2302; baseline 0.003 -18"><span class='ocrx_word' id='word_1_288' title='bbox 56 2239 98 2285; x_wconf 83' lang='lat' dir='ltr'>bus</span> <span class='ocrx_word' id='word_1_289' title='bbox 110 2239 173 2298; x_wconf 86' lang='lat' dir='ltr'>Mos,</span> <span class='ocrx_word' id='word_1_290' title='bbox 183 2240 223 2298; x_wconf 67' lang='lat' dir='ltr'>isc.</span> <span class='ocrx_word' id='word_1_291' title='bbox 240 2253 319 2302; x_wconf 91' lang='lat' dir='ltr'>usque</span> <span class='ocrx_word' id='word_1_292' title='bbox 329 2238 370 2301; x_wconf 79' lang='lat' dir='ltr'>nd,</span> <span class='ocrx_word' id='word_1_293' title='bbox 377 2237 419 2297; x_wconf 75' lang='lat' dir='ltr'>fos</span> <span class='ocrx_word' id='word_1_294' title='bbox 430 2244 464 2289; x_wconf 90' lang='lat' dir='ltr'>est</span> <span class='ocrx_word' id='word_1_295' title='bbox 476 2241 562 2298; x_wconf 83' lang='lat' dir='ltr'>omnio,</span> <span class='ocrx_word' id='word_1_296' title='bbox 573 2253 630 2287; x_wconf 91' lang='lat' dir='ltr'>cum</span> <span class='ocrx_word' id='word_1_297' title='bbox 641 2239 692 2287; x_wconf 86' lang='lat' dir='ltr'>sint</span> <span class='ocrx_word' id='word_1_298' title='bbox 703 2238 780 2287; x_wconf 77' lang='lat' dir='ltr'>assuti</span> <span class='ocrx_word' id='word_1_299' title='bbox 793 2252 807 2285; x_wconf 88' lang='grc' dir='ltr'>ιι</span> <span class='ocrx_word' id='word_1_300' title='bbox 819 2237 898 2285; x_wconf 89' lang='lat' dir='ltr'>sciolo</span> <span class='ocrx_word' id='word_1_301' title='bbox 909 2238 1027 2300; x_wconf 77' lang='lat' dir='ltr'>quodem,</span> <span class='ocrx_word' id='word_1_302' title='bbox 1041 2253 1141 2302; x_wconf 80' lang='lat' dir='ltr'>pennus</span> 
     </span>
     <span class='ocr_line' id='line_1_29' title="bbox 56 2298 1139 2366; baseline 0.001 -18"><span class='ocrx_word' id='word_1_303' title='bbox 56 2301 138 2350; x_wconf 85' lang='lat' dir='ltr'>Po&#39;e&#39;tn</span> <span class='ocrx_word' id='word_1_304' title='bbox 150 2301 276 2363; x_wconf 79' lang='lat' dir='ltr'>indiguus,</span> <span class='ocrx_word' id='word_1_305' title='bbox 287 2316 428 2366; x_wconf 81' lang='lat' dir='ltr'>quenquam</span> <span class='ocrx_word' id='word_1_306' title='bbox 437 2304 492 2366; x_wconf 88' lang='lat' dir='ltr'>jsm</span> <span class='ocrx_word' id='word_1_307' title='bbox 503 2303 587 2351; x_wconf 85' lang='lat' dir='ltr'>Servii</span> <span class='ocrx_word' id='word_1_308' title='bbox 600 2303 646 2365; x_wconf 87' lang='lat' dir='ltr'>(sd</span> <span class='ocrx_word' id='word_1_309' title='bbox 657 2303 729 2364; x_wconf 80' lang='lat' dir='ltr'>Virg.</span> <span class='ocrx_word' id='word_1_310' title='bbox 742 2301 798 2350; x_wconf 84' lang='lat' dir='ltr'>IEn.</span> <span class='ocrx_word' id='word_1_311' title='bbox 810 2314 828 2348; x_wconf 83' lang='grc' dir='ltr'>ι.</span> <span class='ocrx_word' id='word_1_312' title='bbox 839 2298 910 2362; x_wconf 71' lang='grc'><strong>147.)</strong></span> <span class='ocrx_word' id='word_1_313' title='bbox 928 2307 1006 2350; x_wconf 85' lang='lat' dir='ltr'>tetste</span> <span class='ocrx_word' id='word_1_314' title='bbox 1017 2302 1041 2349; x_wconf 91' lang='lat' dir='ltr'>ei</span> <span class='ocrx_word' id='word_1_315' title='bbox 1054 2301 1139 2349; x_wconf 86' lang='lat' dir='ltr'>sdbre·</span> 
     </span>
     <span class='ocr_line' id='line_1_30' title="bbox 56 2364 1141 2428; baseline 0.001 -16"><span class='ocrx_word' id='word_1_316' title='bbox 56 2378 122 2413; x_wconf 89' lang='lat' dir='ltr'>rens.</span> <span class='ocrx_word' id='word_1_317' title='bbox 155 2364 227 2415; x_wconf 87' lang='lat' dir='ltr'>Idem</span> <span class='ocrx_word' id='word_1_318' title='bbox 235 2368 289 2428; x_wconf 77' lang='lat' dir='ltr'>jem</span> <span class='ocrx_word' id='word_1_319' title='bbox 304 2375 439 2417; x_wconf 79' lang='lat' dir='ltr'>senserunt</span> <span class='ocrx_word' id='word_1_320' title='bbox 450 2367 545 2418; x_wconf 72' lang='lat' dir='ltr'>Smsd.</span> <span class='ocrx_word' id='word_1_321' title='bbox 557 2366 623 2416; x_wconf 86' lang='lat' dir='ltr'>Sivr.</span> <span class='ocrx_word' id='word_1_322' title='bbox 635 2372 663 2415; x_wconf 91' lang='lat' dir='ltr'>et</span> <span class='ocrx_word' id='word_1_323' title='bbox 673 2365 763 2418; x_wconf 82' lang='lat' dir='ltr'>Jones.</span> <span class='ocrx_word' id='word_1_324' title='bbox 775 2378 833 2414; x_wconf 88' lang='lat' dir='ltr'>curn</span> <span class='ocrx_word' id='word_1_325' title='bbox 844 2364 965 2413; x_wconf 88' lang='lat' dir='ltr'>Bentleio</span> <span class='ocrx_word' id='word_1_326' title='bbox 979 2365 1041 2413; x_wconf 89' lang='lat' dir='ltr'>nibil</span> <span class='ocrx_word' id='word_1_327' title='bbox 1059 2365 1141 2428; x_wconf 87' lang='lat' dir='ltr'>spurii</span> 
     </span>
    </p>
   </div>
   <div class='ocr_carea' id='block_1_6' title="bbox 545 2491 655 2543">
    <p class='ocr_par' dir='ltr' id='par_1_6' title="bbox 545 2491 655 2543">
     <span class='ocr_line' id='line_1_31' title="bbox 545 2491 655 2543; baseline 0 -1"><span class='ocrx_word' id='word_1_328' title='bbox 545 2491 655 2543; x_wconf 70' lang='lat' dir='ltr'>nom</span> 
     </span>
    </p>
   </div>
   <div class='ocr_carea' id='block_1_7' title="bbox 56 2603 1145 4079">
    <p class='ocr_par' dir='ltr' id='par_1_7' title="bbox 56 2603 1145 4079">
     <span class='ocr_line' id='line_1_32' title="bbox 56 2603 1143 2668; baseline 0.001 -17"><span class='ocrx_word' id='word_1_329' title='bbox 56 2604 96 2651; x_wconf 85' lang='lat' dir='ltr'>tiis</span> <span class='ocrx_word' id='word_1_330' title='bbox 108 2611 135 2651; x_wconf 88' lang='lat' dir='ltr'>et</span> <span class='ocrx_word' id='word_1_331' title='bbox 146 2604 216 2653; x_wconf 86' lang='lat' dir='ltr'>Boiis</span> <span class='ocrx_word' id='word_1_332' title='bbox 229 2605 337 2665; x_wconf 87' lang='lat' dir='ltr'>finitimi,</span> <span class='ocrx_word' id='word_1_333' title='bbox 354 2619 385 2653; x_wconf 87' lang='lat' dir='ltr'>ex</span> <span class='ocrx_word' id='word_1_334' title='bbox 397 2606 523 2655; x_wconf 87' lang='lat' dir='ltr'>Strsbone</span> <span class='ocrx_word' id='word_1_335' title='bbox 535 2605 579 2654; x_wconf 89' lang='lat' dir='ltr'>lib.</span> <span class='ocrx_word' id='word_1_336' title='bbox 619 2603 765 2668; x_wconf 82' lang='lat' dir='ltr'>publicum,’</span> <span class='ocrx_word' id='word_1_337' title='bbox 775 2607 824 2653; x_wconf 75' lang='lat' dir='ltr'>dre.</span> <span class='ocrx_word' id='word_1_338' title='bbox 858 2603 894 2652; x_wconf 86' lang='lat' dir='ltr'>Et</span> <span class='ocrx_word' id='word_1_339' title='bbox 911 2603 988 2665; x_wconf 88' lang='lat' dir='ltr'>psulo</span> <span class='ocrx_word' id='word_1_340' title='bbox 1000 2609 1074 2665; x_wconf 83' lang='lat' dir='ltr'>post:</span> <span class='ocrx_word' id='word_1_341' title='bbox 1092 2604 1143 2652; x_wconf 86' lang='lat' dir='ltr'>Re·</span> 
     </span>
     <span class='ocr_line' id='line_1_33' title="bbox 57 2676 1142 2740; baseline 0.004 -17"><span class='ocrx_word' id='word_1_342' title='bbox 57 2689 94 2723; x_wconf 85' lang='lat' dir='ltr'>rv.</span> <span class='ocrx_word' id='word_1_343' title='bbox 112 2678 154 2738; x_wconf 87' lang='lat' dir='ltr'>qui</span> <span class='ocrx_word' id='word_1_344' title='bbox 176 2685 203 2725; x_wconf 94' lang='lat' dir='ltr'>et</span> <span class='ocrx_word' id='word_1_345' title='bbox 218 2678 281 2725; x_wconf 89' lang='lat' dir='ltr'>ibid.</span> <span class='ocrx_word' id='word_1_346' title='bbox 299 2681 377 2727; x_wconf 87' lang='lat' dir='ltr'>Drusi</span> <span class='ocrx_word' id='word_1_347' title='bbox 396 2682 528 2728; x_wconf 75' lang='lat' dir='ltr'>victoriam</span> <span class='ocrx_word' id='word_1_348' title='bbox 546 2681 580 2729; x_wconf 90' lang='lat' dir='ltr'>de</span> <span class='ocrx_word' id='word_1_349' title='bbox 618 2694 719 2729; x_wconf 79' lang='lat' dir='ltr'>versum</span> <span class='ocrx_word' id='word_1_350' title='bbox 741 2693 773 2727; x_wconf 84' lang='lat' dir='ltr'>ex</span> <span class='ocrx_word' id='word_1_351' title='bbox 795 2676 925 2740; x_wconf 74' lang='lat' dir='ltr'>Armenii,</span> <span class='ocrx_word' id='word_1_352' title='bbox 942 2679 966 2726; x_wconf 90' lang='lat' dir='ltr'>in</span> <span class='ocrx_word' id='word_1_353' title='bbox 985 2684 1142 2740; x_wconf 88' lang='lat' dir='ltr'>poteststem</span> 
     </span>
     <span class='ocr_line' id='line_1_34' title="bbox 56 2750 1141 2815; baseline 0.003 -18"><span class='ocrx_word' id='word_1_354' title='bbox 56 2750 106 2798; x_wconf 90' lang='lat' dir='ltr'>illis</span> <span class='ocrx_word' id='word_1_355' title='bbox 118 2750 252 2813; x_wconf 79' lang='lat' dir='ltr'>praedicrt.</span> <span class='ocrx_word' id='word_1_356' title='bbox 285 2753 352 2801; x_wconf 88' lang='lat' dir='ltr'>Vide</span> <span class='ocrx_word' id='word_1_357' title='bbox 370 2755 437 2803; x_wconf 80' lang='lat' dir='ltr'>Flor.</span> <span class='ocrx_word' id='word_1_358' title='bbox 454 2768 491 2805; x_wconf 81' lang='lat' dir='ltr'>rr.</span> <span class='ocrx_word' id='word_1_359' title='bbox 505 2758 542 2802; x_wconf 79' lang='lat'>12.</span> <span class='ocrx_word' id='word_1_360' title='bbox 553 2763 580 2803; x_wconf 92' lang='lat' dir='ltr'>et</span> <span class='ocrx_word' id='word_1_361' title='bbox 617 2753 711 2815; x_wconf 85' lang='lat' dir='ltr'>Populi</span> <span class='ocrx_word' id='word_1_362' title='bbox 733 2752 840 2800; x_wconf 83' lang='lat' dir='ltr'>Romrui</span> <span class='ocrx_word' id='word_1_363' title='bbox 861 2753 976 2813; x_wconf 85' lang='lat' dir='ltr'>redscts,</span> <span class='ocrx_word' id='word_1_364' title='bbox 991 2752 1141 2800; x_wconf 86' lang='lat' dir='ltr'>‘Neronem</span> 
     </span>
     <span class='ocr_line' id='line_1_35' title="bbox 57 2824 1142 2874; baseline 0.001 -2"><span class='ocrx_word' id='word_1_365' title='bbox 57 2824 167 2874; x_wconf 88' lang='lat' dir='ltr'>Dionem</span> <span class='ocrx_word' id='word_1_366' title='bbox 180 2824 222 2872; x_wconf 91' lang='lat' dir='ltr'>lib.</span> <span class='ocrx_word' id='word_1_367' title='bbox 234 2839 289 2874; x_wconf 74' lang='grc' dir='ltr'><strong>ιιν.</strong></span> <span class='ocrx_word' id='word_1_368' title='bbox 618 2827 706 2874; x_wconf 82' lang='lat' dir='ltr'>Cresnr</span> <span class='ocrx_word' id='word_1_369' title='bbox 718 2826 785 2873; x_wconf 86' lang='lat' dir='ltr'>bsud</span> <span class='ocrx_word' id='word_1_370' title='bbox 798 2825 933 2873; x_wconf 87' lang='lat' dir='ltr'>mediocris</span> <span class='ocrx_word' id='word_1_371' title='bbox 945 2825 1006 2872; x_wconf 87' lang='lat' dir='ltr'>belli</span> <span class='ocrx_word' id='word_1_372' title='bbox 1020 2827 1086 2873; x_wconf 90' lang='lat' dir='ltr'>mole</span> <span class='ocrx_word' id='word_1_373' title='bbox 1097 2838 1142 2873; x_wconf 80' lang='lat' dir='ltr'>ex·</span> 
     </span>
     <span class='ocr_line' id='line_1_36' title="bbox 90 2897 1143 2963; baseline 0.003 -17"><span class='ocrx_word' id='word_1_374' title='bbox 90 2902 120 2946; x_wconf 82' lang='lat' dir='ltr'>te</span> <span class='ocrx_word' id='word_1_375' title='bbox 142 2899 269 2963; x_wconf 78' lang='lat' dir='ltr'>Vindelici]</span> <span class='ocrx_word' id='word_1_376' title='bbox 281 2900 315 2948; x_wconf 82' lang='lat' dir='ltr'>lli</span> <span class='ocrx_word' id='word_1_377' title='bbox 327 2900 463 2949; x_wconf 82' lang='lat' dir='ltr'>Borenlem</span> <span class='ocrx_word' id='word_1_378' title='bbox 475 2900 579 2963; x_wconf 81' lang='lat' dir='ltr'>Alpium</span> <span class='ocrx_word' id='word_1_379' title='bbox 616 2901 696 2962; x_wconf 88' lang='lat' dir='ltr'>periri</span> <span class='ocrx_word' id='word_1_380' title='bbox 704 2897 1143 2961; x_wconf 78' lang='lat' dir='ltr'>statuit,odjutoreopcrisdstot’rs·</span> 
     </span>
     <span class='ocr_line' id='line_1_37' title="bbox 57 2972 1144 3038; baseline 0.002 -17"><span class='ocrx_word' id='word_1_381' title='bbox 57 2974 186 3036; x_wconf 77' lang='lat' dir='ltr'>regionem</span> <span class='ocrx_word' id='word_1_382' title='bbox 204 2976 338 3038; x_wconf 81' lang='lat' dir='ltr'>tenebunt,</span> <span class='ocrx_word' id='word_1_383' title='bbox 356 2975 422 3024; x_wconf 89' lang='lat' dir='ltr'>sicut</span> <span class='ocrx_word' id='word_1_384' title='bbox 435 2976 580 3022; x_wconf 75' lang='lat' dir='ltr'>Australem</span> <span class='ocrx_word' id='word_1_385' title='bbox 619 2983 658 3021; x_wconf 86' lang='lat' dir='ltr'>tre</span> <span class='ocrx_word' id='word_1_386' title='bbox 670 2974 749 3036; x_wconf 86' lang='lat' dir='ltr'>ipsius</span> <span class='ocrx_word' id='word_1_387' title='bbox 762 2975 847 3022; x_wconf 85' lang='lat' dir='ltr'>Druso</span> <span class='ocrx_word' id='word_1_388' title='bbox 859 2972 976 3032; x_wconf 77' lang='lat' dir='ltr'>Claudio,</span> <span class='ocrx_word' id='word_1_389' title='bbox 989 2988 1063 3035; x_wconf 88' lang='lat' dir='ltr'>quern</span> <span class='ocrx_word' id='word_1_390' title='bbox 1076 2976 1144 3023; x_wconf 72' lang='lat' dir='ltr'>intre</span> 
     </span>
     <span class='ocr_line' id='line_1_38' title="bbox 59 3047 1142 3113; baseline -0.002 -16"><span class='ocrx_word' id='word_1_391' title='bbox 59 3051 151 3110; x_wconf 83' lang='lat' dir='ltr'>eroeti,</span> <span class='ocrx_word' id='word_1_392' title='bbox 162 3051 264 3113; x_wconf 90' lang='lat' dir='ltr'>utrique</span> <span class='ocrx_word' id='word_1_393' title='bbox 272 3049 509 3112; x_wconf 84' lang='lat' dir='ltr'>pcrindebollieosi.</span> <span class='ocrx_word' id='word_1_394' title='bbox 527 3047 581 3096; x_wconf 89' lang='lat' dir='ltr'>Ho·</span> <span class='ocrx_word' id='word_1_395' title='bbox 619 3048 729 3096; x_wconf 72' lang='lat' dir='ltr'>Cereris</span> <span class='ocrx_word' id='word_1_396' title='bbox 757 3053 865 3111; x_wconf 75' lang='lat' dir='ltr'>penites</span> <span class='ocrx_word' id='word_1_397' title='bbox 884 3047 960 3095; x_wconf 83' lang='lat' dir='ltr'>enixe</span> <span class='ocrx_word' id='word_1_398' title='bbox 980 3054 1038 3096; x_wconf 78' lang='lat' dir='ltr'>eret</span> <span class='ocrx_word' id='word_1_399' title='bbox 1059 3048 1142 3095; x_wconf 81' lang='lat' dir='ltr'>Liris.</span> 
     </span>
     <span class='ocr_line' id='line_1_39' title="bbox 57 3119 1144 3185; baseline -0.005 -13"><span class='ocrx_word' id='word_1_400' title='bbox 57 3125 98 3173; x_wconf 91' lang='lat' dir='ltr'>die</span> <span class='ocrx_word' id='word_1_401' title='bbox 115 3126 192 3174; x_wconf 85' lang='lat' dir='ltr'>Suevi</span> <span class='ocrx_word' id='word_1_402' title='bbox 209 3134 236 3175; x_wconf 90' lang='lat' dir='ltr'>et</span> <span class='ocrx_word' id='word_1_403' title='bbox 257 3124 581 3173; x_wconf 79' lang='lat' dir='ltr'>RevsriViudelicismiu·</span> <span class='ocrx_word' id='word_1_404' title='bbox 619 3123 724 3185; x_wconf 83' lang='lat' dir='ltr'>Quippe</span> <span class='ocrx_word' id='word_1_405' title='bbox 754 3128 874 3183; x_wconf 87' lang='lat' dir='ltr'>uterque,</span> <span class='ocrx_word' id='word_1_406' title='bbox 902 3119 989 3169; x_wconf 83' lang='lat' dir='ltr'>divisis</span> <span class='ocrx_word' id='word_1_407' title='bbox 1017 3121 1144 3183; x_wconf 78' lang='lat' dir='ltr'>pertibus,</span> 
     </span>
     <span class='ocr_line' id='line_1_40' title="bbox 58 3195 1144 3263; baseline -0.004 -17"><span class='ocrx_word' id='word_1_408' title='bbox 58 3200 154 3247; x_wconf 81' lang='lat' dir='ltr'>colunt.</span> <span class='ocrx_word' id='word_1_409' title='bbox 196 3201 262 3248; x_wconf 86' lang='lat' dir='ltr'>Sunt</span> <span class='ocrx_word' id='word_1_410' title='bbox 287 3202 330 3263; x_wconf 88' lang='lat' dir='ltr'>qui</span> <span class='ocrx_word' id='word_1_411' title='bbox 353 3200 500 3248; x_wconf 87' lang='lat' dir='ltr'>Vindelicos</span> <span class='ocrx_word' id='word_1_412' title='bbox 522 3214 579 3247; x_wconf 92' lang='lat' dir='ltr'>cum</span> <span class='ocrx_word' id='word_1_413' title='bbox 619 3195 1144 3258; x_wconf 65' lang='lat' dir='ltr'>RbaetosVindelicosqueeggressimrnl·</span> 
     </span>
     <span class='ocr_line' id='line_1_41' title="bbox 59 3269 1144 3332; baseline -0.004 -12"><span class='ocrx_word' id='word_1_414' title='bbox 59 3272 157 3321; x_wconf 75' lang='lat' dir='ltr'>libretis</span> <span class='ocrx_word' id='word_1_415' title='bbox 167 3274 337 3322; x_wconf 80' lang='lat' dir='ltr'>contundunt:</span> <span class='ocrx_word' id='word_1_416' title='bbox 350 3276 396 3324; x_wconf 79' lang='lat' dir='ltr'>ned</span> <span class='ocrx_word' id='word_1_417' title='bbox 405 3288 518 3323; x_wconf 87' lang='lat' dir='ltr'>errorem</span> <span class='ocrx_word' id='word_1_418' title='bbox 528 3289 581 3322; x_wconf 84' lang='lat' dir='ltr'>me·</span> <span class='ocrx_word' id='word_1_419' title='bbox 617 3273 650 3321; x_wconf 90' lang='lat' dir='ltr'>tis</span> <span class='ocrx_word' id='word_1_420' title='bbox 668 3272 766 3321; x_wconf 86' lang='lat' dir='ltr'>urbium</span> <span class='ocrx_word' id='word_1_421' title='bbox 781 3276 809 3320; x_wconf 90' lang='lat' dir='ltr'>et</span> <span class='ocrx_word' id='word_1_422' title='bbox 829 3269 993 3320; x_wconf 75' lang='lat' dir='ltr'>castellorum</span> <span class='ocrx_word' id='word_1_423' title='bbox 1010 3282 1144 3332; x_wconf 76' lang='lat' dir='ltr'>oppugne-</span> 
     </span>
     <span class='ocr_line' id='line_1_42' title="bbox 58 3343 1143 3409; baseline -0.004 -14"><span class='ocrx_word' id='word_1_424' title='bbox 58 3346 152 3396; x_wconf 77' lang='lat' dir='ltr'>niseste</span> <span class='ocrx_word' id='word_1_425' title='bbox 164 3349 278 3397; x_wconf 90' lang='lat' dir='ltr'>ostendit</span> <span class='ocrx_word' id='word_1_426' title='bbox 295 3348 364 3399; x_wconf 88' lang='lat' dir='ltr'>Veli.</span> <span class='ocrx_word' id='word_1_427' title='bbox 378 3349 483 3399; x_wconf 84' lang='lat' dir='ltr'>Petere.</span> <span class='ocrx_word' id='word_1_428' title='bbox 496 3362 527 3397; x_wconf 87' lang='lat' dir='ltr'>rr.</span> <span class='ocrx_word' id='word_1_429' title='bbox 538 3352 579 3397; x_wconf 83' lang='grc'><strong>91.</strong></span> <span class='ocrx_word' id='word_1_430' title='bbox 620 3347 742 3409; x_wconf 88' lang='lat' dir='ltr'>tionibus,</span> <span class='ocrx_word' id='word_1_431' title='bbox 751 3360 797 3395; x_wconf 90' lang='lat' dir='ltr'>nec</span> <span class='ocrx_word' id='word_1_432' title='bbox 809 3359 858 3394; x_wconf 92' lang='lat' dir='ltr'>non</span> <span class='ocrx_word' id='word_1_433' title='bbox 869 3345 967 3393; x_wconf 81' lang='lat' dir='ltr'>directe</span> <span class='ocrx_word' id='word_1_434' title='bbox 978 3357 1079 3408; x_wconf 86' lang='lat' dir='ltr'>quoqne</span> <span class='ocrx_word' id='word_1_435' title='bbox 1088 3343 1143 3392; x_wconf 84' lang='lat' dir='ltr'>scie</span> 
     </span>
     <span class='ocr_line' id='line_1_43' title="bbox 57 3417 1144 3482; baseline -0.003 -13"><span class='ocrx_word' id='word_1_436' title='bbox 57 3429 85 3471; x_wconf 92' lang='lat' dir='ltr'>et</span> <span class='ocrx_word' id='word_1_437' title='bbox 105 3426 145 3472; x_wconf 80' lang='grc'><strong>115.</strong></span> <span class='ocrx_word' id='word_1_438' title='bbox 164 3423 202 3471; x_wconf 87' lang='lat' dir='ltr'>its</span> <span class='ocrx_word' id='word_1_439' title='bbox 222 3421 350 3471; x_wconf 75' lang='lat' dir='ltr'>referens:</span> <span class='ocrx_word' id='word_1_440' title='bbox 369 3423 440 3470; x_wconf 74' lang='lat' dir='ltr'>‘Tib</span> <span class='ocrx_word' id='word_1_441' title='bbox 458 3423 579 3472; x_wconf 89' lang='lat' dir='ltr'>Clsudius</span> <span class='ocrx_word' id='word_1_442' title='bbox 619 3418 731 3471; x_wconf 82' lang='lat' dir='ltr'>feliciter</span> <span class='ocrx_word' id='word_1_443' title='bbox 748 3417 841 3481; x_wconf 77' lang='lat' dir='ltr'>suncti,</span> <span class='ocrx_word' id='word_1_444' title='bbox 856 3427 947 3482; x_wconf 74' lang='lat' dir='ltr'>gentes</span> <span class='ocrx_word' id='word_1_445' title='bbox 969 3419 1031 3469; x_wconf 87' lang='lat' dir='ltr'>locis</span> <span class='ocrx_word' id='word_1_446' title='bbox 1048 3417 1144 3467; x_wconf 85' lang='lat' dir='ltr'>tutissi-</span> 
     </span>
     <span class='ocr_line' id='line_1_44' title="bbox 58 3491 1144 3562; baseline -0.002 -19"><span class='ocrx_word' id='word_1_447' title='bbox 58 3496 138 3557; x_wconf 89' lang='lat' dir='ltr'>Nero,</span> <span class='ocrx_word' id='word_1_448' title='bbox 148 3530 155 3544; x_wconf 97' lang='lat'>.</span> <span class='ocrx_word' id='word_1_449' title='bbox 216 3495 354 3544; x_wconf 89' lang='lat' dir='ltr'>innutritus</span> <span class='ocrx_word' id='word_1_450' title='bbox 363 3496 506 3543; x_wconf 87' lang='lat' dir='ltr'>eoelostium</span> <span class='ocrx_word' id='word_1_451' title='bbox 516 3510 580 3558; x_wconf 77' lang='lat' dir='ltr'>prae·</span> <span class='ocrx_word' id='word_1_452' title='bbox 621 3512 685 3558; x_wconf 81' lang='lat' dir='ltr'>mss,</span> <span class='ocrx_word' id='word_1_453' title='bbox 702 3496 772 3544; x_wconf 80' lang='lat' dir='ltr'>editu</span> <span class='ocrx_word' id='word_1_454' title='bbox 788 3493 959 3562; x_wconf 69' lang='lat' dir='ltr'>difficillimos,</span> <span class='ocrx_word' id='word_1_455' title='bbox 971 3508 1077 3544; x_wconf 87' lang='lat' dir='ltr'>numero</span> <span class='ocrx_word' id='word_1_456' title='bbox 1092 3491 1144 3541; x_wconf 81' lang='lat' dir='ltr'>irc·</span> 
     </span>
     <span class='ocr_line' id='line_1_45' title="bbox 59 3568 1145 3633; baseline 0 -16"><span class='ocrx_word' id='word_1_457' title='bbox 59 3579 190 3633; x_wconf 87' lang='lat' dir='ltr'>ceptorum</span> <span class='ocrx_word' id='word_1_458' title='bbox 203 3570 354 3633; x_wconf 86' lang='lat' dir='ltr'>disciplinis,</span> <span class='ocrx_word' id='word_1_459' title='bbox 364 3570 465 3632; x_wconf 86' lang='lat' dir='ltr'>jureuis</span> <span class='ocrx_word' id='word_1_460' title='bbox 477 3584 581 3632; x_wconf 77' lang='lat' dir='ltr'>genere,</span> <span class='ocrx_word' id='word_1_461' title='bbox 620 3578 736 3633; x_wconf 85' lang='lat' dir='ltr'>quentes,</span> <span class='ocrx_word' id='word_1_462' title='bbox 747 3568 850 3618; x_wconf 86' lang='lat' dir='ltr'>teritste</span> <span class='ocrx_word' id='word_1_463' title='bbox 867 3575 962 3630; x_wconf 86' lang='lat' dir='ltr'>truces,</span> <span class='ocrx_word' id='word_1_464' title='bbox 974 3570 1070 3633; x_wconf 78' lang='lat' dir='ltr'>majore</span> <span class='ocrx_word' id='word_1_465' title='bbox 1086 3582 1145 3618; x_wconf 87' lang='lat' dir='ltr'>cum</span> 
     </span>
     <span class='ocr_line' id='line_1_46' title="bbox 58 3644 1144 3709; baseline -0.002 -17"><span class='ocrx_word' id='word_1_466' title='bbox 58 3644 148 3709; x_wconf 79' lang='lat' dir='ltr'>forms,</span> <span class='ocrx_word' id='word_1_467' title='bbox 165 3646 322 3696; x_wconf 87' lang='lat' dir='ltr'>celsitudine</span> <span class='ocrx_word' id='word_1_468' title='bbox 338 3647 461 3708; x_wconf 89' lang='lat' dir='ltr'>corporis,</span> <span class='ocrx_word' id='word_1_469' title='bbox 477 3647 581 3708; x_wconf 90' lang='lat' dir='ltr'>optimis</span> <span class='ocrx_word' id='word_1_470' title='bbox 622 3647 737 3708; x_wconf 89' lang='lat' dir='ltr'>periculo</span> <span class='ocrx_word' id='word_1_471' title='bbox 749 3659 825 3707; x_wconf 79' lang='lat' dir='ltr'>quem</span> <span class='ocrx_word' id='word_1_472' title='bbox 843 3645 934 3693; x_wconf 75' lang='lat' dir='ltr'>damno</span> <span class='ocrx_word' id='word_1_473' title='bbox 949 3645 1056 3693; x_wconf 79' lang='lat' dir='ltr'>Romani</span> <span class='ocrx_word' id='word_1_474' title='bbox 1068 3657 1144 3692; x_wconf 81' lang='lat' dir='ltr'>exer·</span> 
     </span>
     <span class='ocr_line' id='line_1_47' title="bbox 58 3719 1145 3785; baseline -0.004 -18"><span class='ocrx_word' id='word_1_475' title='bbox 58 3721 155 3783; x_wconf 87' lang='lat' dir='ltr'>studiis,</span> <span class='ocrx_word' id='word_1_476' title='bbox 163 3723 323 3785; x_wconf 77' lang='lat' dir='ltr'>maximoque</span> <span class='ocrx_word' id='word_1_477' title='bbox 331 3722 433 3783; x_wconf 80' lang='lat' dir='ltr'>iugenio</span> <span class='ocrx_word' id='word_1_478' title='bbox 441 3721 583 3770; x_wconf 88' lang='lat' dir='ltr'>instructis·</span> <span class='ocrx_word' id='word_1_479' title='bbox 622 3721 697 3777; x_wconf 85' lang='lat' dir='ltr'>citus,</span> <span class='ocrx_word' id='word_1_480' title='bbox 709 3722 818 3784; x_wconf 91' lang='lat' dir='ltr'>plurimo</span> <span class='ocrx_word' id='word_1_481' title='bbox 835 3735 891 3768; x_wconf 88' lang='lat' dir='ltr'>curu</span> <span class='ocrx_word' id='word_1_482' title='bbox 909 3733 994 3767; x_wconf 80' lang='lat' dir='ltr'>eurum</span> <span class='ocrx_word' id='word_1_483' title='bbox 1011 3719 1145 3778; x_wconf 76' lang='lat' dir='ltr'>sangnine,</span> 
     </span>
     <span class='ocr_line' id='line_1_48' title="bbox 59 3791 1145 3859; baseline -0.001 -21"><span class='ocrx_word' id='word_1_484' title='bbox 59 3791 145 3854; x_wconf 79' lang='lat' dir='ltr'>simus,</span> <span class='ocrx_word' id='word_1_485' title='bbox 156 3795 198 3857; x_wconf 90' lang='lat' dir='ltr'>qui</span> <span class='ocrx_word' id='word_1_486' title='bbox 210 3797 334 3857; x_wconf 91' lang='lat' dir='ltr'>protinus,</span> <span class='ocrx_word' id='word_1_487' title='bbox 342 3803 453 3859; x_wconf 84' lang='lat' dir='ltr'>qirnntus</span> <span class='ocrx_word' id='word_1_488' title='bbox 465 3803 513 3856; x_wconf 87' lang='lat' dir='ltr'>est,</span> <span class='ocrx_word' id='word_1_489' title='bbox 525 3810 584 3858; x_wconf 90' lang='lat' dir='ltr'>spe·</span> <span class='ocrx_word' id='word_1_490' title='bbox 623 3793 839 3856; x_wconf 88' lang='lat' dir='ltr'>perdomuerunt.&#39;</span> <span class='ocrx_word' id='word_1_491' title='bbox 850 3794 954 3841; x_wconf 82' lang='lat' dir='ltr'>sueton.</span> <span class='ocrx_word' id='word_1_492' title='bbox 966 3792 1061 3838; x_wconf 83' lang='lat' dir='ltr'>Octnv.</span> <span class='ocrx_word' id='word_1_493' title='bbox 1073 3806 1095 3838; x_wconf 92' lang='lat' dir='ltr'>c.</span> <span class='ocrx_word' id='word_1_494' title='bbox 1103 3794 1145 3838; x_wconf 78' lang='lat'>21.</span> 
     </span>
     <span class='ocr_line' id='line_1_49' title="bbox 61 3867 1144 3931; baseline 0.001 -19"><span class='ocrx_word' id='word_1_495' title='bbox 61 3867 111 3912; x_wconf 78' lang='lat' dir='ltr'>reri</span> <span class='ocrx_word' id='word_1_496' title='bbox 138 3875 266 3928; x_wconf 77' lang='lat' dir='ltr'>potuerat,</span> <span class='ocrx_word' id='word_1_497' title='bbox 292 3869 409 3931; x_wconf 86' lang='lat' dir='ltr'>visusque</span> <span class='ocrx_word' id='word_1_498' title='bbox 434 3871 583 3931; x_wconf 71' lang='lat' dir='ltr'>praetulerit</span> <span class='ocrx_word' id='word_1_499' title='bbox 622 3871 805 3918; x_wconf 76' lang='lat' dir='ltr'>‘Rhaetinmet</span> <span class='ocrx_word' id='word_1_500' title='bbox 823 3867 1144 3926; x_wconf 79' lang='lat' dir='ltr'>Vindelicos....gentes</span> 
     </span>
     <span class='ocr_line' id='line_1_50' title="bbox 61 3938 902 4006; baseline 0 -19"><span class='ocrx_word' id='word_1_501' title='bbox 61 3938 218 4001; x_wconf 87' lang='lat' dir='ltr'>Principem,</span> <span class='ocrx_word' id='word_1_502' title='bbox 230 3944 351 3991; x_wconf 71' lang='lat' dir='ltr'>Qnmtor</span> <span class='ocrx_word' id='word_1_503' title='bbox 364 3943 582 3992; x_wconf 84' lang='lat' dir='ltr'>undevicesimum</span> <span class='ocrx_word' id='word_1_504' title='bbox 621 3943 761 4006; x_wconf 74' lang='lat' dir='ltr'>Inalpinos,</span> <span class='ocrx_word' id='word_1_505' title='bbox 773 3938 902 3991; x_wconf 66' lang='lat' dir='ltr'>cuircuit!</span> 
     </span>
     <span class='ocr_line' id='line_1_51' title="bbox 60 4009 1143 4079; baseline -0.003 -16"><span class='ocrx_word' id='word_1_506' title='bbox 60 4028 152 4063; x_wconf 73' lang='lat' dir='ltr'>aunum</span> <span class='ocrx_word' id='word_1_507' title='bbox 169 4027 247 4076; x_wconf 78' lang='lat' dir='ltr'>egens</span> <span class='ocrx_word' id='word_1_508' title='bbox 263 4029 397 4078; x_wconf 79' lang='lat' dir='ltr'>reperiere</span> <span class='ocrx_word' id='word_1_509' title='bbox 413 4019 492 4079; x_wconf 84' lang='lat' dir='ltr'>coepit</span> <span class='ocrx_word' id='word_1_510' title='bbox 508 4019 582 4067; x_wconf 84' lang='lat' dir='ltr'>Rem·</span> <span class='ocrx_word' id='word_1_511' title='bbox 654 4018 723 4067; x_wconf 79' lang='lat' dir='ltr'>Bello</span> <span class='ocrx_word' id='word_1_512' title='bbox 739 4018 844 4067; x_wconf 78' lang='lat' dir='ltr'>Drusum</span> <span class='ocrx_word' id='word_1_513' title='bbox 858 4011 991 4074; x_wconf 78' lang='lat' dir='ltr'>gerentem]</span> <span class='ocrx_word' id='word_1_514' title='bbox 1020 4009 1143 4061; x_wconf 81' lang='lat' dir='ltr'>Claudius</span> 
     </span>
    </p>
   </div>
   <div class='ocr_carea' id='block_1_8' title="bbox 0 0 1215 4200">
    <p class='ocr_par' dir='ltr' id='par_1_8' title="bbox 0 0 1215 4200">
     <span class='ocr_line' id='line_1_52' title="bbox 0 0 1215 4200; baseline 0 0"><span class='ocrx_word' id='word_1_515' title='bbox 0 0 1215 4200; x_wconf 95' lang='lat' dir='ltr'> </span> 
     </span>
    </p>
   </div>
  </div>
 </body>
</html>
