2408 4200
416 250 451 309 Q.
474 248 635 298 flunsrrt
661 249 793 298 Flamini

274 392 514 475 Proescriptum
531 397 565 455 et
581 391 703 456 intensi
717 389 855 457 Catonis

316 493 501 575 Auspiciis,
515 499 726 576 veterumque
740 511 864 558 norme·

230 598 389 662 Privatus
404 598 471 662 iilis
486 617 608 662 census
623 605 695 662 erut
709 599 830 676 brevis,

231 699 411 763 Commune
424 720 599 782 maguum:
620 700 711 764 nullu
726 700 938 784 decempedis

274 799 402 865 Metuis
418 803 559 884 privetis
576 822 722 884 opacam
779 812 791 827 ·

319 902 474 966 Porticus
488 903 680 984 excipiebat
696 901 839 982 Arcton3

58 1085 155 1137 bonni
166 1095 189 1139 et
199 1091 296 1142 Catenis
303 1093 394 1149 criniti,
405 1097 442 1145 eet
448 1096 577 1158 priscorum
584 1095 703 1145 insinere.
728 1095 913 1157 Rajomiiiurt's
920 1097 1003 1146 edent
1010 1095 1044 1144 eis
1055 1093 1151 1154 exigue,

55 1149 150 1210 Publice
162 1159 241 1205 netem
251 1159 325 1208 diere.
360 1161 459 1210 Nemini
467 1160 561 1223 priests
572 1162 677 1224 pennu
688 1175 768 1210 mense
776 1164 854 1211 decern
863 1164 948 1224 perirest
961 1157 1154 1224 pcrtieoeotlige·

56 1390 125 1451 ’ΒΜ
135 1395 205 1459 conj·
218 1395 287 1448 docti
304 1400 439 1464 enjusdam
450 1402 498 1451 riri
511 1417 554 1466 ap.
566 1401 727 1453 Senem-12
746 1401 816 1466 lips.
829 1407 854 1454 2.
872 1417 888 1452 s
902 1416 937 1451 m.
954 1415 994 1464 pr.
1005 1405 1153 1460 ueteremque

549 1540 659 1591 NOTAE

88 1652 117 1697 ll
139 1648 242 1711 Intonsi]
265 1649 392 1699 Nimirum
414 1653 520 1700 Romani
543 1654 584 1702 usi
624 1662 693 1702 tores
711 1655 872 1714 asserebant,
886 1657 1012 1717 angustie
1030 1657 1067 1702 rei
1080 1655 1153 1703 lumi·

56 1726 214 1788 tonsoribus,
238 1742 304 1776 unno
331 1730 364 1778 sb
384 1729 456 1778 Urbe
478 1730 584 1778 condite
623 1728 693 1776 lieris
713 1727 787 1791 (quid
809 1743 883 1776 cesso
904 1730 1036 1791 proprium
1059 1744 1151 1777 nomen

54 1804 113 1850 let.
129 1809 208 1853 cutes
220 1818 280 1853 tero
297 1805 391 1853 intonsi
406 1804 494 1855 fuere:
512 1807 582 1870 qnod
623 1804 727 1851 veritati
746 1803 855 1851 reddere
863 1804 885 1862 i)
900 1803 1025 1852 bubulcos
1040 1803 1095 1851 lieri
1109 1817 1152 1851 ce-

55 1891 89 1925 ex
101 1878 219 1928 Varrone
232 1881 324 1929 urserit
336 1881 404 1930 Plin.
418 1895 468 1930 vrr.
478 1885 519 1930 ⁶9.
538 1883 583 1930 Vi·
624 1878 735 1942 gebent!
760 1880 795 1928 Et
812 1886 917 1942 postes:
934 1878 1024 1930 ‘Quid
1037 1879 1102 1927 AEiie
1113 1877 1152 1926 le·

56 1953 90 2002 de
109 1953 179 2002 Geli.
198 1968 241 2003 ιιι.
262 1959 286 2003 i.
320 1956 396 2006 Quod
418 1958 440 2004 si
459 1956 583 2006 Cetoncnr
623 1954 704 2010 milis,
716 1969 791 2018 quem
808 1955 937 2016 locupleti
956 1954 1093 2002 sexdecim
1109 1968 1154 2001 eo-

54 2028 203 2091 inteliigere
231 2030 382 2079 Uticensem
416 2031 512 2094 plncet,
541 2031 584 2081 irie
624 2030 683 2080 dem
706 2041 823 2095 tempore
845 2031 904 2079 AEiii
924 2028 1040 2088 suerunt,
1060 2031 1154 2092 quibus

54 2108 135 2155 etiam
154 2107 281 2169 intonsus,
299 2109 359 2172 quis
378 2124 410 2158 err
428 2124 479 2173 quo
496 2108 585 2158 civilia
625 2107 841 2156 nnedomuncult
858 2112 914 2154 eret
928 2104 1017 2152 eodem
1033 2105 1083 2152 leci
1102 2119 1153 2168 qno

55 2183 125 2232 belis
136 2198 268 2246 exarsere,
278 2184 381 2234 tonderi
400 2200 527 2249 nunquam
540 2200 583 2235 re·
624 2197 692 2232 nuuc
712 2191 770 2232 suut
789 2183 905 2231 lilerisnn
925 2182 1099 2229 munimento:
1125 2188 1152 2229 et

54 2259 119 2310 luit:
137 2262 232 2311 Lueeu.
244 2275 275 2310 rr·
287 2265 344 2310 tte.
362 2261 430 2309 ‘lile
442 2275 491 2309 uec
502 2260 583 2310 borri-
624 2273 689 2308 uuus
707 2260 732 2307 in
752 2273 814 2321 egre
830 2258 939 2307 Veiente
958 2254 1053 2305 fundus
1070 2255 1153 2303 mium

56 2334 139 2385 serum
159 2345 249 2386 teneto
266 2337 374 2386 dimovit
392 2336 425 2385 ub
443 2352 487 2386 ore
499 2338 584 2385 Cresn·
623 2337 716 2383 multos
728 2335 841 2382 cultores
853 2332 1095 2394 desiderans,qnsm
1108 2331 1153 2380 do·

55 2413 128 2474 riem,
140 2413 255 2478 duroque
271 2413 374 2462 admisit
392 2413 483 2475 gaudis
496 2414 584 2473 rultu;
624 2411 705 2458 minos
716 2407 848 2470 hsbebet'
858 2415 909 2456 erc.

55 2488 92 2536 Ut
105 2491 214 2550 primurn
228 2491 281 2537 tolli
293 2489 382 2537 letalis
394 2490 583 2550 videntum,
658 2486 835 2534 rtemann
860 2482 983 2544 mern]
1016 2481 1049 2530 Ti
1075 2483 1151 2530 κοινὸν

56 2561 176 2610 intonsos
192 2564 300 2624 rigidam
314 2566 339 2610 in
351 2562 462 2610 frontem
477 2563 583 2611 descen·
624 2562 693 2624 spud
706 2562 760 2610 Cic.
785 2561 880 2609 Sensus
892 2569 949 2608 cst:
969 2561 1058 2622 Magni
1077 2572 1153 2623 pute·

55 2634 117 2682 dere
130 2649 207 2684 canos
225 2637 320 2684 Parrus
331 2645 397 2696 erut,
410 2638 581 2701 miserentque
624 2638 698 2687 betur
717 2636 819 2698 publicu
839 2651 889 2698 res,
904 2637 982 2694 selus,
995 2636 1152 2683 urrctoriten:

56 2710 128 2772 genis
140 2710 284 2759 increscere
298 2711 423 2761 burbem.'
623 2713 756 2762 commodo
769 2712 868 2773 privetu
881 2711 1041 2773 Reipublicoe
1053 2713 1152 2759 utiliter

88 2789 118 2834 id
137 2786 253 2836 Pricetrrs
266 2787 316 2836 illis
330 2803 412 2837 centus
428 2793 479 2836 eret
495 2789 582 2851 beris]
623 2788 839 2851 anteponebstur.
858 2789 911 2836 Cic.
924 2801 970 2849 pro
982 2789 1087 2836 Fitcee:
1099 2786 1107 2813 ‘
1118 2787 1150 2834 ln

55 2861 163 2924 Exigue
176 2870 237 2912 tune
249 2872 322 2912 eruut
333 2866 490 2926 privatorum
502 2881 581 2926 opes:
623 2869 728 2932 privetis
741 2867 817 2915 rebrrs
833 2866 937 2914 minimo
951 2864 1064 2913 contenti
1077 2871 1152 2912 eraut

55 2951 104 2985 nec
120 2937 192 2985 dives
210 2954 266 2987 esse
278 2941 411 3002 quisquam
428 2943 581 3004 sategebat:
623 2945 732 3007 majores
742 2942 838 2991 nestri:
852 2942 876 2989 in
887 2941 1035 3002 imperiosi
1048 2939 1152 3000 publicu

55 3020 82 3060 et
101 3014 212 3063 universi
235 3015 396 3077 Reipublicce
419 3018 507 3080 decus,
530 3019 583 3078 glo·
623 3019 751 3081 dignitate
767 3018 852 3067 omnis
864 3016 896 3065 nd
908 3016 1012 3078 glorium
1026 3022 1052 3060 et
1064 3015 1152 3073 splen·

54 3089 128 3144 rium,
148 3093 290 3152 potentium
311 3107 406 3151 ungere
428 3100 454 3141 et
475 3093 584 3154 rnmtifi·
623 3092 895 3144 doremrerecubunt.’

54 3177 114 3210 esre
133 3165 282 3215 studebunt.
317 3168 383 3215 Vide
403 3177 582 3230 paupertatem
658 3174 733 3221 Nullo
753 3169 894 3232 decempedis
922 3165 1017 3214 Metnte
1037 3166 1152 3227 privatis.

55 3238 185 3287 laudaram
205 3242 273 3302 apud
290 3243 376 3289 Vnier.
391 3245 497 3292 Maxim.
509 3259 548 3294 rr.
558 3251 583 3295 l.
623 3249 676 3312 isc]
689 3250 850 3297 Privatortrnr
862 3242 954 3291 nemini
968 3240 1084 3302 porticus
1094 3252 1152 3292 ersi

56 3314 100 3361 nbi
121 3314 189 3361 inter
210 3318 328 3377 exempla
350 3333 400 3366 neu
423 3335 504 3380 peuce
526 3322 582 3372 irree
623 3324 738 3388 pluribus
748 3331 842 3372 metita
851 3318 1151 3380 decenrpedis‚ndeeqrre

55 3387 149 3439 niiert:
168 3390 264 3439 Valerii
278 3393 430 3454 Poplicoiue,
443 3397 450 3420 ‘
462 3396 503 3441 cui
516 3411 583 3445 mor·
623 3400 697 3448 vaide
708 3401 793 3461 lenge,
805 3411 837 3445 ex
855 3403 921 3454 arte,
938 3402 965 3442 et
983 3407 1074 3455 magne
1092 3407 1149 3455 pro·

56 3472 102 3513 tuo
114 3466 196 3513 lectus
210 3465 326 3514 funebris
344 3477 369 3515 et
389 3482 465 3527 rogus
481 3470 581 3528 detrun
622 3476 682 3524 inde
694 3484 780 3523 sumtu
791 3478 933 3520 exstructa.

56 3543 172 3603 esequire
184 3557 244 3590 vere
257 3544 364 3604 pecunie
377 3544 482 3605 publicu
494 3546 580 3595 durtae
656 3556 684 3598 15
705 3552 807 3610 Operum
818 3546 950 3608 excipiebat
960 3543 1062 3605 Arcton]
1083 3543 1149 3593 Qtrae

55 3617 134 3667 sunt'
153 3617 276 3680 Agrippae
288 3620 413 3678 bletrenii‚
424 3622 431 3647 ‘
442 3623 484 3684 qui
500 3624 582 3685 publi·
622 3627 745 3689 porticus,
757 3621 940 3686 Septemtrioni
961 3620 1078 3675 obversa,
1090 3629 1152 3679 epte

55 3712 93 3745 cm
106 3697 195 3744 scintis
208 3696 306 3743 arbiter
321 3698 356 3744 ita
374 3699 490 3759 pecunim
508 3700 581 3760 inops
622 3711 688 3750 esset
698 3701 730 3750 sd
740 3699 895 3759 captandum
906 3703 998 3743 aestute
1007 3694 1086 3754 frigus
1097 3696 1151 3754 pln-

55 3772 178 3836 decessit‚
189 3781 218 3823 ut
229 3775 368 3835 sepulturae
380 3775 474 3823 honore
487 3777 583 3823 caruis·
622 3781 754 3836 rimum,et
764 3775 796 3822 ud
806 3787 931 3821 suroenam
941 3771 1150 3828 ambulationem,

56 3855 107 3906 set,
122 3851 168 3895 nisi
188 3867 202 3897 rr
220 3851 315 3912 populo
335 3852 433 3899 cellatis
454 3853 582 3915 incapite
622 3855 741 3904 fervente
760 3852 839 3899 etium
856 3850 908 3897 die.
944 3849 1032 3897 Areios
1049 3847 1150 3895 Grecis

55 3925 216 3972 sextantibus
228 3926 362 3977 struetuttts
372 3927 455 3976 esset!
474 3930 507 3975 Et
520 3944 582 3990 pau·
623 3932 698 3986 Ursa,
721 3928 822 3976 Latinis
846 3927 914 3975 sidus
940 3924 1062 3982 Boeotio,
1091 3923 1149 3983 polo

56 3996 81 4043 lo
95 4000 228 4058 petridem
243 4004 277 4051 sic
289 4004 392 4052 scribit:
411 4004 508 4051 ‘immo
521 4019 581 4051 vere
622 4006 731 4056 Arctico
744 4019 834 4051 nornen
848 4001 924 4049 iecit:
944 3999 1073 4059 regionem
1085 3999 1148 4056 Sep·

56 4087 119 4136 ques
143 4077 257 4135 periculo
282 4079 440 4140 iicipublicue
466 4081 582 4144 Impera·
623 4078 952 4139 teretriontlerudesignat,
968 4072 1147 4135 uudei'rigidue
