2408 4200
388 258 439 306 an
462 254 769 305 ornumornum.
792 255 849 303 ιιι.
1089 241 1154 306 dii

63 401 144 452 aortri
151 396 280 450 (laminir
289 408 389 446 verenae
401 395 438 445 ita
445 394 535 459 ponit:
553 393 726 444 ‘Miserarum
738 399 788 453 ort,
798 408 882 459 neque
893 394 974 445 areeri
984 395 1047 445 dare
1056 395 1156 458 iudan,

61 493 148 543 neque
158 477 244 535 duici3
254 476 261 497 '
272 474 398 524 adductur
409 481 459 535 ort,
468 478 498 524 nt
506 471 596 523 induo
606 487 696 523 verane
703 472 891 538 Tetrametror,
900 475 1020 540 rnbjocto
1027 476 1154 540 Dimetro,

62 559 190 623 eingtdurn
201 553 339 608 &uredine
349 553 491 617 digereret,
502 553 551 601 iroc
563 551 638 601 nodo
649 569 655 600 ι

240 681 393 730 Miserarum
407 686 457 739 ert,
467 693 515 728 nec
527 677 616 728 Amori
626 679 688 728 dare
698 678 796 742 ludum,
808 695 891 746 neque
901 679 971 735 dulci

240 761 311 810 Maia
323 761 381 808 rino
393 760 490 816 lavere,
501 765 545 807 ant
556 759 696 808 exanimari
708 767 850 810 metuentes

336 839 441 889 Petrum
454 838 563 888 verbere
574 839 679 903 linguan.

64 973 96 1021 ln
105 984 156 1036 quo
166 985 197 1020 er
209 970 286 1020 etiarn
298 968 331 1018 de
342 983 419 1020 canoa
430 968 480 1018 ribi
492 969 548 1033 ipre
561 969 659 1032 piacet,
668 966 743 1033 qnod
747 968 784 1018 ric
794 968 891 1017 nuiinm
903 968 1054 1018 vocabulum
1067 969 1092 1019 iu
1104 971 1156 1024 fine

64 1065 183 1099 rerrnurn
195 1049 352 1110 dissecetnr3
363 1062 447 1112 neque
457 1049 537 1110 igitur
545 1048 619 1098 aiitcr
627 1048 659 1097 nb
669 1048 773 1097 Horatii
783 1063 858 1097 mann
871 1047 1016 1112 profectum
1025 1063 1082 1098 eaeo
1093 1052 1157 1101 Car-

63 1143 131 1192 men,
142 1130 232 1193 qnorie
243 1130 349 1192 pignore
360 1130 415 1176 vnit
423 1120 589 1178 contendere.
622 1129 714 1178 sconti
723 1128 790 1177 enim
800 1129 889 1178 Jouer.
899 1126 1028 1178 senadon.
1036 1136 1064 1177 et
1073 1143 1157 1192 nuper

63 1209 102 1259 Ci.
118 1209 224 1259 Sirrine.
257 1208 356 1256 Verum
376 1206 506 1256 enimvero
526 1208 635 1271 primurn
652 1208 740 1256 mirari
759 1208 851 1271 porris,
867 1221 919 1256 non
939 1209 1049 1256 renuisse
1066 1209 1157 1258 virum

63 1289 247 1351 doctissimum,
258 1294 380 1351 qnantum
393 1287 418 1335 in
429 1301 460 1336 eo
472 1302 487 1335 a
500 1303 527 1337 ee
538 1289 593 1351 ipre
605 1287 762 1348 dissentiret,
772 1286 850 1351 quod,
862 1301 919 1336 cnm
932 1300 1031 1335 veroum
1045 1301 1100 1337 erre
1110 1288 1157 1338 de·

62 1367 248 1431 cempedaiem,
268 1367 441 1416 ‘Miserernm
452 1360 493 1415 est
505 1401 529 1416 ..
542 1402 548 1416 .
559 1401 566 1416 .
578 1365 694 1429 iingure,'
712 1379 795 1430 neque
813 1365 949 1429 quicquam
971 1365 1078 1429 referre,
1094 1375 1158 1431 quot

61 1447 106 1496 ilie
117 1448 190 1495 iineis
199 1447 366 1506 scriberetur,
379 1445 497 1507 dirimet,
511 1452 572 1509 post
582 1459 692 1508 operose
704 1445 866 1509 disquireret,
876 1444 968 1507 quibua
980 1445 1044 1495 iocis
1055 1452 1158 1509 oporte·

62 1533 104 1574 ret
121 1527 201 1575 lineae
220 1532 265 1573 ant
281 1540 370 1574 verrur
386 1525 476 1575 incidi.
510 1524 636 1575 Profecto
647 1525 726 1586 euim,
736 1525 758 1572 ri
769 1524 859 1572 decem
873 1523 953 1586 pedes
963 1537 1042 1572 unum
1055 1538 1157 1573 reranm

63 1601 188 1664 efficiunt,
204 1604 250 1653 taii
266 1620 328 1654 cura
343 1619 428 1669 neque
445 1605 556 1655 Horatio
572 1621 637 1668 opnr
656 1604 717 1664 fuit,
734 1618 819 1668 neque
836 1603 903 1651 iuius
919 1602 1012 1651 editori
1028 1617 1093 1665 opua
1109 1611 1158 1653 ert.

63 1684 129 1733 ane
143 1684 309 1746 Hephaestion
319 1684 351 1735 de
363 1685 452 1734 ionico
463 1685 585 1734 Carmine
596 1685 621 1745 ιε
631 1682 724 1746 ὁμοίων,
740 1685 802 1734 item
811 1682 843 1731 de
852 1683 896 1732 iiio
906 1679 1061 1742 κατὰσχέσιν
1070 1680 1158 1746 tradit,

62 1774 93 1809 ea
105 1776 163 1809 cnm
176 1764 260 1811 nereio
268 1776 300 1812 an
309 1764 419 1812 acumini
429 1764 595 1825 grammatico
603 1764 698 1827 potina,
708 1778 784 1827 qnam
793 1760 906 1821 veritati,
915 1769 1082 1823 veterumque
1092 1758 1158 1809 Po'e'·

63 1848 144 1890 tarum
157 1842 223 1896 nani.
232 1842 544 1904 debeantur(qnanqnarn
552 1843 578 1891 id
588 1857 655 1890 nnnc
665 1843 799 1901 disputare
809 1855 857 1887 non
868 1837 973 1899 vacet);
986 1848 1039 1885 turn
1052 1853 1066 1885 a
1077 1839 1158 1900 lyrico

62 1928 135 1968 certe
148 1935 251 1983 genere,
262 1935 294 1968 ex
306 1936 362 1969 meo
373 1919 475 1982 quidem
491 1934 576 1977 renen,
586 1920 664 1979 piane
677 1918 824 1963 obhorrent.
859 1916 925 1962 Nam
937 1929 1022 1976 neqnc
1033 1915 1159 1980 intelligo,

62 2000 188 2061 quomodo
205 2001 246 2047 rei
266 1999 335 2058 cani,
347 1997 388 2043 rei
400 2000 506 2041 cantum
518 1993 611 2041 imitari
625 1992 706 2040 videri
723 1992 805 2055 poerit
817 1993 936 2054 Carmcu,
953 2006 1000 2056 per
1015 1992 1158 2041 multitudi-

63 2091 121 2125 nem
134 2075 228 2137 pedum
247 2076 315 2121 inter
327 2085 355 2119 oe
366 2070 476 2133 parium,
493 2085 572 2133 neque
584 2070 617 2119 ad
629 2069 715 2130 finem,
726 2070 782 2119 rinc
793 2071 844 2119 uilo
856 2080 949 2132 metro,
965 2071 1021 2120 eine
1041 2071 1099 2121 niiir
1117 2086 1158 2120 re·

62 2153 131 2216 qnioi
142 2152 221 2197 veluti
233 2148 344 2212 punctio,
356 2147 532 2197 continuatum
545 2165 552 2210 3
570 2162 664 2212 neqne,
681 2149 807 2211 quomodo
827 2148 1016 2214 decempedalis
1033 2149 1158 2200 verruain

64 2230 123 2278 Ode
133 2228 239 2277 toierari
251 2228 342 2290 poerit,
353 2241 490 2290 assequor:
509 2234 537 2276 et
549 2229 592 2277 rix
602 2227 653 2277 fert
663 2228 773 2291 deniqne
785 2242 872 2276 oeneus
884 2229 979 2292 lyricus
991 2230 1074 2292 legem
1088 2230 1159 2277 iiiam

62 2301 193 2370 frigidam,
205 2321 306 2370 semper
317 2314 345 2355 nt
356 2321 415 2356 cum
428 2298 527 2355 d'ecinro
545 2322 646 2372 quoque
667 2307 733 2371 pede
748 2308 879 2356 sententie
893 2308 1005 2356 finiatur.
1036 2307 1158 2366 Accedit,

64 2388 131 2451 qnod
144 2388 169 2434 in
183 2395 270 2437 nostro
282 2392 355 2435 certe
364 2386 483 2435 Carmine
495 2401 545 2435 non
557 2387 687 2436 clrnditur
699 2400 799 2449 semper
808 2401 865 2434 cnm
875 2385 1083 2449 decimoquoque
1091 2386 1158 2448 pede

63 2466 190 2514 sententia
201 2481 209 2524 ;
222 2479 341 2528 namque,
350 2473 378 2514 ut
387 2465 434 2513 lroc
444 2479 522 2514 unum
531 2480 737 2528 commemorem,
749 2480 865 2514 versum:
883 2468 891 2494 ‘
901 2466 982 2515 Simul
989 2472 1081 2513 unctor
1091 2499 1098 2513 .
1109 2499 1115 2511 .
1129 2497 1136 2512 .
1150 2500 1157 2515 .

62 2545 153 2604 rmdir,’
172 2553 281 2608 apparet
298 2544 331 2592 ad
348 2559 389 2604 ea,
405 2559 462 2608 qnae
480 2545 640 2608 precedent,
651 2546 748 2608 potino,
761 2559 836 2610 quem
848 2544 879 2593 ad
893 2543 1026 2609 sequentia
1037 2557 1093 2593 esre
1106 2548 1158 2592 tre·

63 2623 185 2688 incudum.
220 2621 422 2671 vid.vv.nu.

95 2702 181 2751 Quare
192 2700 309 2762 equidem
321 2700 496 2749 Alexandrum
505 2702 721 2764 cuningamium,c
738 2719 796 2752 curn
810 2705 936 2769 Gennero,
948 2710 1059 2766 recntrn,
1069 2717 1157 2753 ornnee

64 2792 152 2826 verone
173 2785 337 2827 tetrametroa
355 2779 488 2827 constitui.
522 2782 589 2829 Nam
609 2783 716 2843 primum
738 2784 924 2844 simplicissima
942 2798 974 2831 ea
991 2783 1058 2831 irand
1080 2782 1158 2832 dubie

64 2859 131 2905 ratio
143 2866 193 2916 eet,
213 2858 339 2906 universe
359 2859 433 2919 hujus
450 2860 525 2907 metri
544 2861 704 2922 simplicitati
721 2863 921 2910 accommodata.
955 2861 1058 2910 Deinde
1069 2876 1158 2909 verane

64 2936 144 2985 ionici
156 2951 171 2984 a
182 2937 289 2995 minore,
302 2938 344 3000 qui
356 2951 388 2985 ex
408 2938 509 2997 Alorco,
520 2953 595 3001 quem
608 2940 717 3002 piurima
728 2955 759 2988 eo
772 2947 853 2988 metro
866 2941 985 2989 Carmina
995 2939 1088 2988 fecisse
1100 2955 1158 2988 auc·

64 3025 104 3065 tor
116 3024 157 3066 est
170 3017 349 3078 Hephaestion,
361 3016 423 3065 item
436 3031 468 3065 ex
482 3017 604 3067 Alcmene
615 3026 762 3082 reperiunt,
779 3032 868 3067 omnes
885 3024 944 3066 runt
960 3016 1118 3079 τετράμετρα,
1130 3024 1158 3064 ut

63 3110 95 3143 ex
108 3096 207 3158 Alcone,
220 3111 263 3159 ap.
276 3095 411 3159 Hepiraert·
422 3098 439 3145 1.
451 3096 469 3144 Ι.

289 3207 344 3266 Ἐμὲ
356 3207 443 3264 δειλὸν,
453 3207 494 3267 ini
502 3209 580 3256 racia
589 3207 726 3258 κωιινιάτων
736 3207 885 3269 πιδέχοισαν,

64 3320 102 3367 uti
121 3318 241 3366 emendat
258 3318 344 3368 Benti.
369 3328 421 3369 turn
439 3335 471 3369 ex
490 3321 615 3371 Alcmene
631 3336 672 3384 ap.
694 3320 812 3376 eundern,
831 3320 869 3384 (v.
882 3318 1018 3381 H.Stepb.
1030 3317 1157 3378 Fregmm.

66 3400 125 3461 Lyr.
138 3406 156 3446 t.
171 3412 200 3445 ιι.
212 3412 238 3460 p.
250 3396 320 3459 242.)

290 3493 451 3541 nerninem:
464 3494 562 3556 dee'per'
574 3494 644 3557 ἁβρὸς
652 3495 755 3555 Ἄδωνις,
771 3494 795 3542 ri
806 3513 832 3542 κε
843 3497 935 3554 icium
972 3458 984 3476 ··

65 3605 131 3652 ltcm
144 3619 175 3652 ex
188 3604 279 3653 eodem
291 3603 413 3651 Alcmene
426 3619 468 3666 ap.
480 3606 588 3654 eundem
601 3621 627 3668 p.
636 3610 676 3656 ιιι.
692 3605 728 3670 (v.
741 3608 840 3668 Benti.)

288 3714 386 3762 ‘uxorin
395 3714 440 3774 μὲν
450 3715 504 3764 Διὸς
513 3717 562 3766 viee
571 3716 630 3766 τάδε
643 3721 724 3767 Meiere
735 3719 898 3780 aperimini.

66 3840 129 3887 Tum
142 3839 250 3887 Carmen
263 3840 386 3902 lonicum,
406 3843 476 3905 cnjus
488 3856 574 3892 omnea
587 3857 675 3892 verena
689 3844 845 3893 Tetrnmctri
859 3850 928 3896 sunt,
940 3857 954 3889 e
967 3841 1096 3889 Martiano
1109 3842 1157 3890 Ca·

237 4034 246 4055 ι
264 4024 454 4075 Animadveras.
466 4030 491 4076 in
503 4030 594 4080 Horat.
609 4030 695 4077 Benti.
709 4043 732 4077 c.
744 4042 811 4076 xvrr.
825 4043 850 4089 p.
863 4030 921 4074 311.
935 4036 992 4085 equ.
