2408 4200
141 320 225 369 ΟΜ
248 319 334 370 DUAE
358 319 528 370 notario
551 320 777 372 SUPPOSITAE·

65 461 89 527 J
90 481 143 526 am
157 463 235 527 licet
252 461 426 547 Nymphas
440 462 570 545 trepide
586 462 724 546 fugaces

64 564 213 648 Insequi,
225 565 314 629 lento
327 564 411 647 pede
425 563 634 645 detinendas3

66 665 110 728 Et
123 666 228 730 labris
243 674 367 747 captae,
382 665 570 730 simulantis
583 666 679 742 iram,

494 764 621 831 Oscula
634 767 702 850 figi.

66 868 88 932 J
91 888 144 933 am
162 866 243 931 licet
259 867 336 930 rino
349 867 505 932 madidos
517 873 655 931 vetusto

67 970 121 1034 De
135 970 189 1033 die
203 970 313 1033 laetum
328 970 467 1035 recitem
482 989 634 1045 carmem

66 1069 176 1146 Floro,
192 1071 221 1134 si
236 1078 267 1135 to
282 1071 342 1135 des
356 1070 508 1148 hilarem,
523 1071 638 1135 licebit

495 1173 632 1238 Sumere
647 1177 786 1237 noctem.

68 1272 90 1336 J
93 1293 147 1338 am
163 1273 240 1338 vide
254 1293 351 1338 curas
367 1272 534 1356 Aquilone
548 1276 702 1356 sparsas!

70 1374 170 1439 Mens
185 1376 247 1439 viri
263 1375 357 1439 sortis
374 1377 440 1439 sibi
455 1383 596 1452 constat,
609 1381 717 1439 utrum

69 1478 184 1541 Serius
199 1476 255 1541 leti
272 1478 415 1542 citiusve
430 1478 534 1541 tristis

494 1578 643 1642 Advolat
656 1578 746 1641 hora.

399 1776 482 1841 Ona
507 1794 572 1842 xc.

305 1927 357 1972 ΑΙ)
383 1926 526 1971 LlBRUM
553 1924 671 1972 SUUM·

71 2028 193 2090 Duucr
211 2026 324 2090 libello
339 2045 435 2088 nemo
451 2025 618 2088 sodalium

71 2128 198 2191 Forsan
215 2147 359 2191 meorum
376 2127 485 2190 carior
501 2127 632 2189 extitit:

113 2230 166 2293 De
181 2237 213 2293 te
230 2229 365 2292 merenti
380 2229 462 2310 quid
477 2227 584 2290 fidelis

198 2329 354 2392 Officium
370 2329 504 2391 domino
517 2327 700 2409 rependes?

69 2431 118 2494 Te
135 2431 244 2492 Roma
260 2438 397 2491 cautum
412 2429 539 2490 territat
554 2427 679 2488 ardua?

71 2532 211 2610 Depone
228 2549 331 2591 vanos
348 2529 482 2589 invidiae
498 2537 624 2605 motus3

115 2629 295 2708 Urbisque,
311 2628 418 2689 fideus
435 2627 598 2707 dignitati.

199 2729 262 2790 Per
277 2728 408 2809 plateas
424 2730 593 2791 animosus
609 2728 699 2791 audi.

70 2830 120 2892 Eu
137 2849 204 2911 quo
219 2828 366 2890 furentes
386 2828 601 2892 Eumenidum
619 2830 738 2892 choros

71 2931 215 3012 Disjecit
231 2931 318 2992 almo
333 2928 469 2991 fulmine
485 2929 636 3010 Jupiter!

116 3033 206 3095 Huic
223 3051 281 3095 ara
297 3032 414 3106 stabit,
430 3030 519 3093 sarna
534 3040 630 3093 cantu

201 3133 366 3216 Perpetuo
380 3132 578 3196 celebranda
592 3140 726 3194 crescet.

58 3332 179 3379 Chartam
201 3333 280 3392 ipsam
304 3331 329 3376 in
349 3329 467 3378 Archivir
509 3328 611 3391 quando
629 3342 783 3390 nusquamn

29 3421 65 3454 me
79 3406 210 3454 recondidi
222 3421 228 3463 ;
241 3406 467 3466 transcriptionem
510 3414 583 3460 odas
596 3415 620 3459 in
633 3414 777 3460 memoriam

29 3480 319 3540 [lollsel'gocomnlllio.
353 3481 466 3525 Clatltsl·
509 3488 783 3548 Mecnmergolilerati

29 3565 127 3618 parete
142 3556 221 3602 titulis
233 3569 352 3616 superne,
366 3554 466 3615 pagina}
509 3563 647 3621 videbitur,
660 3578 782 3624 recupera

29 3633 134 3695 aliisque
153 3630 253 3679 indiciis
270 3632 409 3678 laceratam
423 3643 466 3674 ex·
508 3640 555 3684 mig
568 3639 729 3685 carminibus
744 3639 783 3687 ΗΟ

29 3723 107 3770 unque
119 3723 150 3755 ex
163 3709 248 3770 aliqua
257 3708 371 3754 editione
385 3709 465 3755 Hora·
508 3711 602 3760 fruere.
623 3715 717 3776 Gueprrr
726 3716 783 3763 Poll

29 3783 82 3830 >lim
101 3782 188 3842 fuisse,
206 3791 233 3831 et
249 3783 356 3830 forsitan
375 3785 466 3846 prima,
507 3791 637 3841 Sub-libr.
