2408 4200
414 258 447 314 Q.
472 256 629 304 HORATll
656 255 787 304 abaco!

222 395 277 455 Ab
292 395 445 459 insolenti
457 404 672 479 temperatam

266 496 414 573 Laetitia,
430 498 585 561 morituro
601 498 703 574 Delli,
772 567 774 569 ,

180 595 247 658 Seu
262 602 400 660 moestus
415 598 503 660 omni
518 605 667 680 tempore
684 601 819 676 vixeris

182 696 249 760 Seu
264 702 297 760 le
312 696 343 758 in
357 704 483 762 remoto
499 700 645 778 gramine
659 719 716 781 per
731 699 803 762 dies

226 797 347 860 Festos
360 798 553 863 reclinatum
569 800 681 863 bearis

269 895 432 960 Interiore
447 903 525 961 nota
539 897 672 963 Falerni
684 920 694 978 ;

54 1089 142 1148 taedio
157 1092 308 1152 medantum,
318 1105 332 1138 ο
344 1090 401 1139 Deli
410 1090 534 1150 meriture,
544 1090 593 1139 riae
608 1092 699 1139 tristem
717 1105 806 1154 uesper
820 1092 898 1154 egeris
915 1092 997 1152 sitan,
1013 1092 1061 1139 sire
1076 1089 1148 1150 greio

57 1153 181 1203 indstmb
192 1154 304 1218 inferiis,
319 1153 399 1203 libeas
410 1155 539 1205 Falernum
555 1154 720 1204 reconditioris
734 1156 809 1218 titali,
827 1157 961 1207 recessisse
978 1157 1005 1204 in
1023 1155 1094 1204 leerbe
1111 1168 1148 1202 ee·

533 1297 695 1319 ceunomo

60 1393 166 1442 lilitscb.
178 1394 286 1442 Wetael.
300 1394 404 1456 Bipout.
415 1395 447 1443 al.
463 1410 509 1444 non
519 1396 620 1445 ucesiu
635 1396 760 1446 bonu-s
778 1396 816 1445 Ab
831 1397 941 1446 imlesti
956 1402 980 1445 et
996 1400 1149 1458 temperaturis

61 1457 130 1517 lips.
141 1461 214 1506 t.-t
232 1459 288 1507 Deli
301 1459 418 1520 plnrimae
429 1459 489 1508 edd.
501 1460 617 1524 inprimis
631 1467 693 1509 rett.
705 1468 764 1509 aute
778 1461 892 1511 Lambiu.
902 1462 946 1523 qui
957 1474 990 1508 ax
1002 1459 1071 1508 libris
1081 1464 1149 1507 autt.

62 1520 128 1567 Delli
151 1521 283 1578 restitnit;
307 1532 335 1568 et
351 1536 392 1584 ap.
408 1522 480 1571 Plnt.
497 1533 525 1571 et
543 1525 618 1572 Dion.
635 1537 735 1585 semper
752 1532 801 1582 est,
822 1523 921 1573 ltbtrros
939 1523 1050 1573 Δέλλιος.
1083 1521 1150 1572 Delli

63 1583 172 1630 Mentel.
195 1585 277 1630 ‘Post
295 1584 361 1631 Delli
380 1593 504 1644 punctum
526 1592 572 1633 aut
592 1587 714 1646 majorem
736 1586 927 1635 distinctionem
951 1595 1048 1650 ponunt
1068 1585 1152 1644 multi,

61 1646 138 1692 etiam
151 1646 261 1706 Cnuing.
294 1647 343 1693 Sed
366 1654 427 1694 tunc
445 1649 580 1710 sequentia
599 1656 691 1696 carent
708 1649 832 1709 apodosi.'
847 1650 965 1697 daei-b
983 1650 1090 1698 ascens.
1102 1649 1152 1714 Sere

557 1756 663 1807 NOTAE

96 1855 110 1897 ³
128 1850 164 1897 Ab
182 1851 290 1897 insolenti
308 1855 460 1913 temperatam
478 1850 588 1914 batilla]
628 1852 740 1901 ilaritate
749 1854 890 1917 opibusque
898 1852 993 1904 floruit.
1001 1855 1068 1903 Vide
1076 1857 1153 1905 Dion.

66 1927 112 1974 Est
138 1928 206 1974 enim
230 1929 399 1990 temperantia
421 1928 588 1977 ‘commotio
629 1927 762 1977 Plutarch.
779 1929 824 1976 cit.
843 1931 978 1987 Senecam,
990 1933 1039 1979 &e
1051 1931 1086 1978 ita
1097 1945 1154 1979 sen·

65 2018 125 2051 num
133 2005 243 2052 omnium
256 2005 427 2053 moderatrix:
447 2019 503 2069 quse
513 2012 590 2054 tuma
629 2003 662 2052 tlt
673 2003 794 2051 Torrent.
804 2018 833 2052 ac
844 2003 944 2053 Tbeod.
955 2006 1155 2055 Marcilcuntra

66 2079 172 2128 libidine
185 2088 286 2136 avocet,
298 2087 351 2128 torn
368 2082 488 2130 insolenti
499 2081 591 2130 alacri·
629 2078 709 2140 Cruq.
721 2081 769 2127 bc.

68 2161 122 2202 tate
134 2155 230 2217 gestire
242 2156 387 2206 nonsinat!
420 2157 475 2207 Cic.
488 2157 592 2209 Tuscul.
663 2159 677 2201 ⁵
696 2153 744 2202 Seu
760 2158 854 2202 rnoestes
872 2155 944 2214 cinni,
960 2152 1014 2216 lfa]
1033 2154 1155 2205 Quando·

69 2245 94 2277 v.
105 2246 128 2278 n.
141 2235 181 2281 ta.
198 2230 373 2281 ‘lnnliosnon
386 2232 591 2296 rectosimpetns
631 2228 734 2291 quidem
754 2230 818 2278 mori
837 2243 940 2278 necesse
953 2238 1001 2290 en,
1016 2232 1069 2278 sire
1083 2244 1156 2278 rnoes·

69 2305 144 2353 animi
160 2304 234 2354 firma
249 2315 277 2354 ct
292 2306 424 2356 moderata
435 2306 592 2357 dominatio:
633 2311 675 2353 tus
694 2304 788 2353 viseris
807 2306 860 2352 sive
877 2305 974 2353 latitia
992 2314 1018 2354 te
1037 2305 1156 2363 dederis3

70 2383 111 2429 De
125 2381 270 2431 Inventus.
283 2386 337 2431 lot.
630 2379 716 2441 juvat,
737 2378 797 2426 dnm
820 2379 890 2439 licet,
910 2378 1042 2440 indulgere
1062 2379 1157 2441 genio;

102 2461 117 2504 t
136 2457 253 2504 Moriture
263 2456 340 2519 Delli]
358 2457 485 2507 Quoniam
496 2457 593 2506 inelnc·
634 2467 717 2517 neque
729 2453 953 2515 pretermittenda
968 2461 1030 2502 ntes
1045 2462 1072 2501 et
1086 2466 1158 2502 occa·

71 2530 156 2576 rabilis
168 2530 266 2578 estlati
283 2531 320 2578 vis
337 2531 476 2595 mortisque
487 2532 595 2582 uecessi-
635 2528 674 2576 alo
697 2528 873 2591 voluptatibus
897 2537 1049 2591 opportuna.
1088 2529 1157 2592 Ergo

74 2613 121 2661 tas,
141 2610 213 2651 certe
229 2617 279 2650 non
296 2602 373 2652 decet
390 2620 448 2653 eum
460 2607 596 2669 superbire
635 2604 746 2653 ‘vinaet
756 2612 886 2665 unguenta
898 2601 1074 2665 afferrijube,'
1086 2606 1135 2651 dre.

72 2678 114 2740 qui
127 2691 153 2725 se
164 2677 316 2726 novitmorti
325 2677 462 2728 obnoxium
472 2698 481 2742 ;
492 2682 537 2730 sed
548 2696 596 2731 nee
666 2685 682 2727 o
700 2681 730 2727 In
748 2687 833 2728 renutu
848 2683 967 2744 gramine]
984 2681 1014 2728 ln
1032 2681 1087 2730 loco
1103 2681 1160 2729 ber·

73 2753 151 2802 debet
162 2753 248 2801 animo
259 2753 363 2810 cadere,
378 2769 435 2803 cum
455 2758 478 2804 ei
495 2757 596 2820 quidpi·
635 2754 698 2803 boso
714 2755 746 2802 ab
763 2755 890 2802 hominnm
909 2754 1056 2818 frequentia
1073 2769 1102 2803 ac
1120 2763 1160 2803 tu·

74 2846 114 2877 am
131 2831 275 2878 humanitus
292 2830 401 2888 accidit5
422 2830 533 2894 nihilque
552 2833 597 2880 bu·
637 2830 719 2880 multu
731 2837 860 2891 separato.

74 2905 141 2952 mani
165 2921 180 2951 a
198 2918 225 2951 se
243 2905 350 2951 alienum
370 2906 443 2953 borno
460 2906 598 2961 existimet,
671 2904 721 2951 Per
731 2904 780 2950 dies
793 2903 888 2963 Festos]
907 2903 1004 2951 (iuribus
1014 2901 1102 2949 seriari
1115 2903 1160 2949 inr-

76 2992 175 3041 aeqnum
189 2975 307 3040 prolecto
317 2984 366 3027 est.
638 2978 792 3043 pensiusque
804 2977 884 3023 luctari
897 2976 965 3037 apud
976 2985 1077 3023 veteres
1088 2975 1161 3023 iusti·

107 3051 186 3114 Delli]
202 3053 309 3101 Frustra
320 3052 422 3116 quidam
440 3055 500 3104 Luc.
518 3054 600 3103 Gelli·
639 3063 722 3103 tutum
734 3061 798 3099 erat.

75 3143 115 3175 um
127 3129 168 3176 bic
179 3128 414 3177 comminiscuntur.
449 3129 600 3192 intelligen·
671 3134 686 3177 8
705 3128 820 3177 interiore
831 3131 886 3174 ndo
900 3123 1005 3185 Falerni]
1028 3124 1163 3184 Eptrlando

76 3203 123 3250 clus
140 3209 212 3250 certe
229 3210 269 3251 est
285 3203 318 3254 Q·
336 3203 436 3251 Dellius
448 3206 487 3252 uel
501 3204 600 3263 Delius,
640 3219 698 3252 cnm
710 3204 807 3260 amicis,
825 3210 851 3250 et
871 3203 981 3249 animum
998 3199 1164 3248 exirilarando

78 3279 120 3340 qni
132 3280 240 3339 primum
252 3277 299 3324 snb
311 3279 392 3325 Cassii
412 3279 534 3328 militarit
549 3279 600 3341 sig·
640 3278 829 3341 exquisitissimi
839 3276 889 3324 riui
900 3285 971 3339 potu,
984 3274 1164 3337 quodquidam

77 3355 131 3412 nis;
146 3351 178 3400 ab
190 3354 238 3401 boe
250 3352 343 3399 deinde
356 3351 493 3414 transfugit
505 3353 536 3400 ed
549 3352 601 3400 An·
641 3356 666 3402 in
678 3356 743 3402 cells
753 3354 873 3401 interiore
883 3352 958 3400 condi
969 3350 1066 3398 solebat
1078 3367 1084 3410 ;
1098 3350 1165 3414 qnod

79 3429 186 3489 ionium,
206 3435 327 3491 tantaque
349 3428 417 3490 apud
439 3443 496 3477 enm
518 3428 603 3490 gratia
642 3437 725 3477 antem
738 3436 793 3476 erat
805 3426 908 3473 minoris
921 3426 996 3487 pretii
1014 3434 1040 3473 et
1056 3425 1165 3488 quotidi-

81 3506 171 3564 valnit,
182 3513 210 3553 ut
223 3505 394 3568 Cleopatram,
407 3504 473 3569 qnod
487 3506 602 3555 Cassium
644 3518 691 3553 ano
708 3505 765 3552 usui
782 3501 948 3562 destinatum,
968 3502 1047 3563 magis
1065 3500 1097 3548 ad
1116 3515 1167 3548 nra·

81 3582 104 3627 in
115 3581 182 3629 bello
188 3581 287 3642 juvisse
297 3590 470 3636 accusaretur,
478 3581 603 3642 judicium
643 3595 702 3628 num
712 3578 862 3641 ponebatur.
896 3579 976 3626 Porro
989 3578 1040 3625 vini
1050 3576 1120 3624 endis
1131 3577 1167 3623 in·

80 3656 219 3703 subituram
242 3669 288 3715 per
310 3658 392 3716 ipsum
415 3656 581 3704 accersiverit
596 3672 603 3705 ε
645 3655 720 3704 scribi
732 3655 831 3701 solitam
843 3652 1000 3714 epigraphen
1013 3665 1043 3697 ac
1056 3651 1165 3698 titulum.

83 3733 222 3781 Plutarcho
239 3739 305 3778 teste
317 3732 342 3778 in
355 3732 414 3778 Vita
427 3732 543 3780 Antonii.
578 3732 604 3779 ls
644 3730 736 3794 quibus
750 3742 799 3791 qno
811 3729 866 3775 loco
881 3734 979 3787 nutum,
992 3739 1092 3788 qnoque
1105 3731 1165 3770 tern-

82 3809 181 3857 demum
200 3809 276 3858 rebus
295 3808 346 3855 suis
363 3809 473 3857 maxime
490 3808 606 3866 studens,
646 3817 708 3865 pore
720 3800 850 3850 conditum
862 3808 938 3859 esset,
949 3798 1058 3845 trraxime
1069 3809 1114 3858 per
1125 3808 1168 3840 no·

84 3887 159 3942 paulo
175 3892 235 3932 ante
254 3884 345 3932 beilum
363 3883 497 3933 Actiacum
515 3885 605 3932 relicto
646 3892 703 3925 men
721 3875 836 3924 Consulis
854 3873 1002 3931 notabatur,
1019 3884 1065 3917 nec
1083 3868 1168 3916 sciolis

85 3955 606 4022 Arrioni0,sec0ntulitadArrgustnm,a
647 3957 720 4003 latet.
756 3952 857 3999 indicat
874 3950 940 3998 Tull.
964 3951 988 3996 in
1008 3947 1090 3992 Bruto
1111 3949 1167 3992 286·

84 4050 133 4098 qno
146 4035 255 4097 benigne
266 4047 399 4101 exceptus,
411 4040 520 4087 Caesaris
534 4038 605 4087 lami·
646 4034 652 4058 ‘
667 4029 760 4093 Siquis
774 4029 880 4077 Falerno
894 4026 950 4074 vino
960 4021 1117 4083 delectetur,
1125 4020 1169 4070 Μ
