2408 4200
387 249 589 299 canutuuu
616 252 690 300 aru.
715 251 740 300 ι.
763 237 816 301 tt.

482 484 580 549 ODE
604 486 712 550 XIV.

63 651 101 699 IN
127 653 280 702 SEXTUM
306 652 502 699 portantum
527 652 656 697 ctttntt
684 653 836 699 BELLUM
863 653 1135 702 ttttrtovttutttut.

52 792 183 854 Perpetua
194 794 241 843 bae
253 794 393 855 allegoria,
411 808 461 857 qua
472 807 504 842 ex
520 793 663 841 imitatione
675 791 758 840 Aloaei
771 793 962 855 ilempubliram
976 796 1061 844 lacero
1074 797 1143 844 naui·

85 873 127 935 gio
136 882 280 936 comparat,
291 875 464 935 Pompeianos
475 887 533 922 auos
545 888 560 920 a
570 870 718 920 renovando
729 872 803 920 Bello
814 873 883 921 cirili
893 874 1017 922 deterret.
1049 876 1143 934 (Quiu-

86 951 122 999 til.
137 966 197 1000 vrtt.
217 957 241 1000 u.
259 955 300 1000 tt.
318 952 464 1013 exemplum
480 950 567 999 laudat
587 950 727 1013 Allegoriae
746 951 812 999 lurnc
829 952 923 1013 locam,
944 953 1030 1015 ‘quo‚'
1050 956 1142 1017 inquit.

82 1029 182 1079 ‘navim
204 1046 250 1094 pro
270 1030 477 1093 Bep.,flnctuum
497 1036 666 1093 tempestates
686 1043 733 1090 pro
754 1029 827 1079 bellis
844 1031 971 1087 civilibus,
983 1040 1083 1092 portum
1096 1049 1142 1096 pro

84 1123 146 1173 pace
157 1118 236 1174 atque
248 1111 386 1159 eoncordia
398 1109 480 1159 dicit!
511 1111 543 1157 T.
555 1110 650 1169 Faber,
666 1109 748 1170 Epist.
767 1123 785 1156 t.
798 1114 839 1158 tt.
852 1119 911 1172 port
923 1111 1053 1160 iliuretum
1065 1120 1144 1173 negat

83 1189 126 1238 hia
144 1204 200 1240 erae
219 1191 386 1252 Allegoriam,
405 1189 450 1238 aed
466 1189 561 1251 alloqui
579 1187 716 1237 Horatium
734 1191 827 1252 navim,
846 1203 896 1252 qua
909 1196 966 1252 pout
977 1190 1143 1253 Philippense

85 1267 200 1330 prolium
218 1277 310 1317 nectua
328 1265 409 1315 tuerit
426 1267 454 1315 in
472 1266 584 1314 ltaliam.
619 1265 667 1314 Bia
679 1267 818 1315 ementitur
830 1281 880 1316 uon
892 1282 971 1330 gener
980 1269 1055 1318 modo
1067 1271 1143 1319 Fabri

84 1347 221 1410 Duceriua,
233 1348 278 1395 aed
299 1348 355 1408 ipae
375 1346 507 1394 Bentleiua
518 1346 605 1394 etiam·
636 1346 741 1394 Crever.
752 1347 779 1395 in
791 1346 862 1395 Hier.
878 1348 926 1397 llo.
937 1349 1029 1410 probat
1041 1349 1144 1414 Aliego-

84 1428 147 1474 riam
160 1436 187 1474 et
199 1427 310 1474 collocat
322 1426 347 1473 iu
360 1431 463 1488 tempas
475 1424 655 1488 anilippenti
669 1425 759 1486 praelio
771 1427 929 1489 proximam:
943 1426 1144 1479 Sanadouuaau·

85 1513 137 1554 tem
151 1506 176 1552 iu
189 1504 262 1563 iilud,
273 1519 323 1569 qao
336 1503 376 1551 vel
388 1503 454 1552 aerio
466 1504 506 1551 vel
518 1503 635 1551 simulate
646 1501 807 1553 deliberabat
819 1504 851 1553 de
868 1505 935 1568 Rep.
947 1505 1078 1556 reddenda
1090 1508 1142 1556 An·

86 1592 186 1647 gnatus.
220 1585 265 1632 Me
283 1583 394 1632 nondum
416 1582 526 1645 poenitet
543 1581 682 1636 modestia,
701 1598 776 1646 quam
796 1583 827 1631 ad
845 1585 933 1636 Quint.
948 1586 965 1633 Ι.
977 1601 1001 1635 c.
1012 1585 1143 1649 proterant

85 1679 154 1713 aum:
172 1679 219 1712 nec
236 1663 317 1712 anaim
329 1663 388 1712 mibi
400 1677 501 1712 tumere
512 1661 647 1711 arbitrium
659 1677 743 1711 cautae
763 1665 841 1713 tantis
860 1664 917 1714 binc
935 1666 1142 1721 auctoritatibus.

82 1746 141 1795 binc
160 1744 269 1807 ingentia
287 1741 407 1792 defeuaae.
441 1740 509 1790 Iliad
525 1741 600 1789 modo
611 1740 741 1791 observari
755 1743 838 1797 uelim,
850 1752 956 1806 propter
967 1759 1052 1793 veram
1065 1750 1103 1794 tr.
1115 1755 1142 1795 et

84 1829 123 1875 te.
138 1839 188 1872 nou
206 1822 285 1874 rideri
297 1837 372 1887 porte
385 1822 494 1885 intelligi
511 1811 813 1884 totam'Rempublicam
830 1837 915 1871 rerum
928 1834 1054 1886 quatenus
1066 1826 1143 1874 Pom·

85 1904 175 1967 peiana
186 1902 287 1950 furerat:
305 1902 398 1951 deinde
408 1902 482 1962 iliud,
491 1903 558 1966 qnod
571 1909 642 1950 recte
654 1902 731 1949 etiam
743 1903 871 1949 Baxterua
883 1903 1012 1965 praecipit,
1024 1918 1073 1952 non
1086 1919 1141 1952 osae

84 1998 148 2046 opat
161 1984 185 2030 in
203 1983 334 2044 allegoria,
350 1989 379 2031 ut
397 1996 498 2030 morose
516 1995 604 2030 omnea
622 1981 691 2030 illius
711 1989 798 2042 partea
815 1982 994 2028 examinentur
1006 1989 1032 2030 et
1044 1982 1075 2030 ad
1089 1998 1141 2031 rem

84 2061 254 2124 aignificatam
264 2061 435 2122 applicentur.
468 2063 557 2110 Sauria
567 2069 617 2123 eat,
627 2061 647 2108 ai
659 2075 774 2123 mquam,
786 2060 827 2107 bic
842 2059 998 2118 Harduinus,
1008 2062 1050 2122 qui
1063 2062 1143 2120 aerip-

86 2150 137 2190 tam
150 2142 185 2189 ait
196 2140 261 2188 bauo
272 2139 348 2188 Oden
360 2140 392 2190 Α.
410 2141 440 2189 C.
453 2146 524 2191 tuta.
539 2143 579 2190 vel
593 2145 664 2190 12³4.
677 2155 734 2189 eum
746 2140 875 2190 Jobaaueo
886 2139 1042 2187 Brenuenaia
1058 2153 1143 2187 comer

86 2220 224 2284 imparium
236 2215 363 2269 Romaniae
375 2231 541 2284 suscepturus
553 2222 617 2271 mari
631 2220 782 2282 Byzantium
796 2226 907 2282 peteret.
926 2217 1012 2279 Gran.)

179 2356 209 2418 0
226 2355 366 2421 Navts!
389 2358 526 2422 reserent
541 2361 574 2422 in
592 2379 682 2423 mare
700 2365 729 2422 te
744 2359 821 2423 novi

87 2517 109 2560 0
128 2515 212 2577 Nuria,
225 2517 279 2565 noui
292 2516 384 2578 fluctua
402 2518 428 2565 in
444 2531 508 2566 nure
525 2524 549 2566 te
565 2521 682 2569 reducent.
717 2520 740 2566 0
756 2519 902 2582 quidsuoiat
920 2518 1035 2566 Firmiter
1048 2522 1141 2578 portura

506 2644 685 2665 mmboo

88 2739 146 2788 Ode
165 2739 277 2787 tecuuda
289 2739 360 2788 Libri
374 2740 444 2787 tertii
456 2741 481 2787 iu
495 2740 542 2788 Ed.
554 2742 646 2790 Sanad.
672 2745 819 2806 Epigrapbe
837 2752 894 2794 eat:
913 2745 953 2792 Aa
967 2742 1140 2804 Rumpubliounr

53 2804 136 2850 bellurn
152 2803 222 2850 civile
239 2808 402 2864 reparantem:
426 2804 475 2856 vel,
494 2805 533 2852 Ad
550 2804 606 2865 (alii
628 2806 670 2867 In)
697 2810 733 2856 M.
753 2810 866 2863 Brutum,
885 2808 1011 2870 (nonnulli
1032 2805 1139 2864 addunt,

53 2866 135 2912 bellurn
146 2865 215 2912 ciuile
231 2864 434 2927 praeparantem)
453 2868 501 2930 rel,
519 2869 558 2915 Ad
575 2870 678 2917 Brutum
687 2873 787 2920 nmirum
794 2888 802 2926 ,·
827 2873 877 2931 vel,
895 2871 935 2917 Ad
954 2869 1026 2916 Bruti
1042 2868 1140 2922 nanim

53 2929 103 2990 rel,
120 2929 160 2976 Ad
169 2929 257 2991 narina,
278 2930 352 2977 Bruto
364 2937 486 2993 reparante
503 2931 600 2987 bellum3
631 2935 681 2993 vel,
700 2937 750 2981 Per
769 2935 914 2991 Allegorium
925 2933 943 2980 ι’.
954 2947 973 2978 e.
986 2933 1141 2979 inversionem

55 2993 91 3040 tt.
103 2992 208 3040 Brutum
217 2994 364 3055 alloquitur5
382 2995 423 3042 vel
435 2995 555 3057 denique,
574 2995 604 3041 In
622 2995 724 3043 Beatum
736 2996 872 3053 Pompeium
890 2995 957 3039 ciuile
974 2995 1056 3040 bellum
1075 3005 1143 3037 reno·

52 3061 152 3104 vantem.
186 3057 263 3105 Gott.
274 3058 381 3105 Lemma
399 3058 495 3106 babet:
516 3059 544 3104 In
553 3059 634 3103 nanim
644 3060 673 3104 de
686 3059 765 3102 Bruto
780 3059 905 3112 reparatur
916 3054 1014 3099 bellum:
1031 3054 1101 3097 turno
1112 3052 1142 3095 ad

53 3131 124 3176 remp.
135 3121 172 3164 orl
183 3119 280 3165 Sextum
293 3121 486 3178 Pompeium-l
507 3121 529 3164 0
540 3119 610 3165 nuria
620 3120 726 3174 referunt
739 3115 840 3161 emend.
853 3114 1012 3170 Cuning.-2
1031 3113 1146 3158 Fluctua?

549 3240 655 3287 NOTAE

87 3335 200 3383 Metram
210 3340 249 3384 eat
258 3333 323 3382 idem
333 3331 401 3397 quod
410 3345 487 3394 aupra
495 3331 547 3381 Od.
557 3346 581 3378 v.
622 3331 739 3382 civilibus
752 3329 1008 3394 tumultibua,quibaa
1018 3329 1089 3378 velut
1100 3342 1144 3376 no·

87 3415 147 3463 Noa
160 3428 242 3477 pauca
258 3429 289 3463 ex
307 3413 397 3463 utcaeo
413 3411 527 3461 imitatur
539 3419 581 3461 eat
621 3410 657 3458 rie
668 3410 786 3471 procellis
799 3424 848 3457 uon
860 3409 908 3457 uisi
922 3407 1019 3471 ingenti
1032 3420 1080 3454 auo
1092 3418 1144 3452 ma·

55 3488 181 3539 Horatius
194 3488 220 3535 in
230 3489 276 3537 bae
288 3490 356 3546 Ode,
366 3503 442 3553 quam
454 3487 510 3537 t'ere
525 3503 578 3537 om·
619 3485 644 3535 lo
656 3485 809 3549 Respublica
821 3484 989 3536 concutienda
1001 3484 1043 3530 ait.

54 3580 100 3614 nee
110 3562 274 3624 allegoricam
286 3570 426 3623 agnoscunt
438 3570 527 3622 totam,
538 3565 577 3626 ip·
649 3561 731 3615 Porro
740 3562 776 3612 aic
788 3561 954 3625 interpretari
964 3552 1142 3619 tinguianobit

55 3654 134 3704 aeque
146 3637 298 3689 Quintilian.
311 3650 373 3685 vur.
384 3641 409 3683 6.
440 3638 472 3683 Ia
484 3652 514 3686 ea
525 3654 578 3688 oer-
617 3638 679 3686 licet
691 3654 696 3683 :

55 3721 81 3764 te
91 3715 203 3778 plurima
213 3712 332 3761 dicuntur
346 3710 435 3772 figuris
451 3725 481 3759 ao
501 3714 579 3774 tropia
650 3711 736 3765 Nauia,
763 3716 803 3759 est
831 3707 984 3771 Respublica
1010 3705 1142 3751 Romana:

56 3789 178 3848 involuta,
189 3803 245 3852 qun
257 3794 346 3850 aperte
359 3799 515 3848 nequaquam
527 3786 579 3835 dici
617 3798 690 3844 mare,
701 3783 776 3831 elvile
786 3781 879 3830 bellurn
889 3776 1142 3840 :fluctuudiarordite

57 3862 93 3913 faa
111 3864 212 3913 fnisset.
245 3862 293 3910 l'el
316 3860 519 3922 Rempubliuam‚
539 3862 580 3910 rel
619 3874 649 3908 ac
661 3858 800 3906 tumultur:
816 3861 907 3916 portua,
921 3869 986 3917 pax:
1009 3852 1095 3898 nudum
1106 3868 1142 3902 re·

59 3939 174 4003 Brutum,
185 3942 225 3989 rei
236 3940 344 3988 Sextum
357 3937 508 3999 Pompeium
520 3938 580 3985 ulio·
618 3935 690 3994 migio
702 3930 884 3991 muncrarius
896 3945 953 3979 uum
965 3927 1068 3977 sinistro
1087 3944 1142 3978 cor·

61 4014 152 4077 quitur,
175 4014 376 4077 dehortatttrque
398 4027 413 4060 a
435 4011 580 4074 reparandi·
619 4024 652 4057 nu
673 4008 714 4057 oui
734 4012 857 4070 preerat,
876 4004 998 4055 militibus
1017 4005 1090 4052 raaia
1112 4019 1141 4050 ac

124 4092 206 4155 bitot.
216 4100 239 4143 et
250 4095 306 4143 Vur.
318 4095 382 4142 Clut.
555 4089 643 4139 Horat.
1065 4083 1077 4129 Ι
