2408 4200
387 223 591 272 esaarrrrnrr
620 224 692 272 ma.
715 225 755 274 ιι.
778 211 808 273 l.

225 361 302 426 Non
317 362 552 427 decoloravere
568 363 700 428 ceadesl

267 461 354 538 Quae
370 469 461 526 caret
475 482 535 528 ora
550 483 664 529 cruore
679 470 794 530 nostro
806 467 822 528 i

182 563 251 627 Sed
266 583 319 640 ne,
333 563 468 641 relictis,
483 565 587 630 Musa
601 585 741 649 procax,
752 566 855 650 jocis,

169 662 264 751 'Ceae
280 670 440 730 retractes
451 685 584 731 munera
598 667 742 746 neeniae3

57 879 117 935 Qut
137 881 203 942 regio
222 895 269 931 eoa
281 882 369 930 irrisio
385 886 465 930 meno
478 881 609 942 mgeinet
644 879 764 941 Vernae
780 878 853 928 Maso
868 880 988 942 audacior,
1002 893 1032 929 ee
1042 878 1148 928 deninie

515 1037 697 1058 mmo

56 1157 82 1200 et
90 1164 141 1214 qia
150 1150 254 1215 qnidam
264 1148 340 1201 codd.
350 1156 377 1199 et
386 1149 448 1200 edd.
456 1165 497 1214 ap.
505 1151 678 1214 cortine-iti
692 1152 743 1202 Nec
751 1152 925 1202 Menai-8⁷
936 1153 944 1180 ‘
954 1152 1148 1202 Constructioni

56 1215 130 1264 nimis
141 1215 318 1277 incomposita
328 1222 408 1279 etque
418 1215 500 1265 hianti
513 1230 560 1278 per
571 1217 807 1279 interpunctionem
817 1217 947 1266 meliorem
954 1216 1072 1265 dedimus
1083 1230 1146 1280 ope·

58 1293 111 1327 rem
122 1279 271 1330 rnlrrenire:
283 1278 339 1335 Ser,
349 1293 379 1329 rte
388 1279 487 1340 niieiie,
497 1280 569 1328 Meso
578 1294 677 1341 moene,
685 1280 749 1339 iocis
762 1283 937 1366 Ceoerelrecies
947 1297 979 1330 ιιι.
989 1279 1085 1341 Μία,
1093 1281 1147 1330 Μι-

57 1341 276 1454 atiscli?
289 1350 357 1455 di:
366 1343 445 1463 ae,-
455 1342 1149 1464 liawrldt'nlrs'liidriinldiin

59 1469 201 1531 epdoner.
211 1469 301 1527 sesne
311 1470 395 1518 nante
406 1471 475 1534 conj.
488 1470 547 1520 Nic.
559 1469 681 1519 Heinsius
691 1463 707 1531 ς’
715 1472 812 1520 vulnero
829 1473 913 1520 nm
929 1471 1011 1522 codex
1030 1487 1072 1536 ep.
1086 1471 1150 1520 Che·

555 1645 661 1697 NOTAE

92 1792 122 1836 85
140 1788 310 1839 Decolorsnere
325 1793 411 1854 codes]
438 1792 534 1840 Lucan.
554 1805 585 1840 rr.
626 1789 700 1839 dibus
714 1798 762 1841 est.
794 1792 1150 1854 Orid.Heroid.Episi.xx.

61 1865 120 1911 iii.
135 1864 202 1912 ‘iiic
218 1866 328 1928 primnm
342 1867 430 1915 rubuit
443 1866 514 1915 cirili
530 1882 587 1916 esn-
626 1869 684 1914 Μ.
708 1866 843 1929 ‘Cingitur
865 1865 951 1928 AEgaro
973 1867 1073 1915 nomine
1096 1868 1151 1917 Cea

63 1938 141 1999 goine
153 1936 274 1986 Nereus!
627 1939 709 1990 mari’
741 1942 862 1991 Doricam
874 1942 916 1990 ilie
927 1949 1030 1991 secutos
1039 1948 1080 1991 est
1091 1943 1151 1992 Dia·

95 2014 128 2059 id
146 2011 206 2065 Qec
216 2016 280 2060 earet
296 2028 338 2061 ora
348 2027 428 2064 more
437 2013 527 2078 eodm]
542 2015 587 2064 vi·
628 2017 731 2067 lectum.
755 2017 864 2068 Quintil.
875 2030 902 2066 x·
913 2023 935 2066 1.
945 2017 981 2066 sic
992 2015 1085 2065 habet:
1098 2018 1153 2067 ‘Si-

63 2085 97 2134 de
112 2099 192 2149 supra
209 2085 271 2135 Not.
289 2088 322 2136 ed
342 2103 378 2137 ιι.
390 2094 414 2138 2.
429 2089 473 2138 ubi
485 2104 499 2138 e
512 2091 587 2140 Floro
630 2091 744 2140 monides
756 2092 848 2154 tennis,
858 2092 953 2156 alioqui
966 2105 1081 2139 sermone
1093 2106 1151 2154 pro·

63 2161 144 2210 verbe
169 2161 225 2210 iraec
254 2163 345 2212 retuli:
374 2165 494 2214 ‘Bellum
522 2167 588 2215 intra
631 2168 698 2231 prio,
717 2174 745 2216 et
766 2166 931 2230 jocunditate
952 2167 1061 2231 quadam
1085 2181 1153 2215 com·

63 2236 175 2294 Italiam,
194 2236 254 2285 inde
273 2251 301 2287 re
319 2238 344 2286 in
364 2239 476 2288 Gelliam
493 2239 588 2303 Hispa·
630 2241 746 2290 mandari
772 2247 877 2305 potest:
908 2242 1041 2304 precipua
1069 2248 1153 2289 temen

63 2310 181 2376 niemqne
204 2310 326 2374 deflexit;
354 2328 534 2380 reversumque
556 2315 588 2364 ab
629 2316 721 2380 ejasin
732 2315 916 2365 commovenda
931 2317 1094 2366 miseratione
1105 2316 1155 2366 vir·

64 2399 169 2447 occasu,
191 2387 216 2435 in
230 2389 310 2451 Epiro
328 2389 513 2455 'l'hessalisque
529 2405 589 2440 con·
630 2398 681 2453 tur,
693 2400 721 2440 nt
732 2391 835 2456 qnidam
848 2392 874 2440 in
885 2392 933 2441 hac
946 2407 1003 2441 eunt
1016 2400 1090 2456 perte
1102 2407 1155 2442 om·

65 2459 149 2508 sedit:
176 2460 235 2510 irinc
259 2463 286 2510 io
310 2461 459 2527 Emptum,
483 2465 543 2513 inde
564 2465 591 2514 in
631 2466 1155 2532 nibusejusdemoperisanctoribosprae·

65 2532 163 2590 Asiam,
175 2548 325 2598 rursumque
343 2536 515 2599 ianiricsm,
534 2552 592 2601 pos·
631 2538 732 2589 ferant.¹
765 2540 823 2590 Hoc
841 2541 907 2591 idem
925 2545 1154 2605 testetnrDionyr.

66 2615 147 2658 tremo
159 2609 185 2656 io
196 2610 347 2672 Hispaniam
359 2613 528 2675 remigravit,’
538 2617 588 2662 tire.
633 2608 807 2664 Halicarnaso
824 2616 913 2666 Refert
924 2617 1016 2667 Snidas
1026 2619 1156 2666 Stesicho-

97 2688 129 2732 il
147 2683 196 2732 Sed
210 2685 357 2747 senecintis,
369 2687 592 2750 Messproeonjo·
634 2704 662 2738 ro
686 2692 862 2754 posteriorem,
884 2693 1037 2740 Melicerten
1062 2705 1156 2752 cogno·

68 2758 175 2821 ciniso]
192 2758 593 2822 Adseipsnmcortrertitoriio·
633 2767 757 2817 minatum
787 2768 821 2817 ob
843 2767 1006 2828 erravitntem,
1032 2766 1157 2828 ilrrenos,

67 2836 167 2885 retiner
192 2852 242 2900 quo
260 2853 321 2888 vero
343 2842 515 2906 progrederis,
536 2856 593 2893 mea
632 2842 764 2902 Encomia,
776 2840 936 2902 Tragoediae,
948 2847 974 2889 et
986 2841 1157 2904 alienoripsis·

67 2912 163 2961 Musa?
180 2914 272 2980 inquit.
307 2916 409 2968 Quidve
425 2919 532 2970 refricns
547 2921 593 2970 olr-
633 2930 671 2975 se,
686 2919 734 2964 &o
758 2915 877 2962 Meminit
891 2924 918 2961 et
935 2915 1039 2962 alterins
1051 2914 1158 2961 Simoni·

68 2988 145 3036 ducto
164 2992 287 3039 vulnera?
312 2994 346 3041 Et
363 3009 410 3043 cur
426 2996 458 3042 ab
474 2998 594 3045 instituto
635 2990 674 3036 dis
687 2988 755 3045 Ceii,
765 2987 808 3044 qui
821 2987 914 3045 prioris
926 2986 1005 3031 fuerit
1020 3000 1035 3031 e
1048 2985 1099 3032 filis
1115 2999 1157 3033 ne-

68 3063 231 3109 neeedimnsi
255 3065 307 3118 Ne,
329 3065 424 3110 relictis
444 3067 512 3125 jocis
535 3067 597 3112 mihi
637 3075 694 3121 por,
712 3067 739 3106 et
751 3056 883 3118 scripserit
897 3057 1021 3118 quaedam,
1031 3065 1090 3106 ante
1108 3058 1159 3106 bei-

68 3134 246 3193 familiaribus,
263 3142 292 3181 et
310 3135 447 3183 cantilenis
464 3135 554 3184 facetis
571 3143 598 3183 et
638 3135 690 3182 lum
701 3130 960 3193 Peloponnesiacum.

73 3208 211 3262 amatoriis,
222 3208 254 3256 ad
263 3209 382 3270 graviora
390 3209 489 3272 pariter
500 3225 530 3258 sc
542 3210 599 3258 tris·
672 3206 779 3269 Noenioe]
796 3207 835 3254 Ex
849 3207 914 3256 Non.
927 3206 1043 3257 Marcell.
1058 3221 1160 3256 carmen

72 3284 136 3332 tiore
145 3281 320 3333 deflectamus.
339 3284 407 3348 Ergo
417 3286 545 3335 tenuiores
555 3300 599 3349 po·
639 3291 679 3331 cst
700 3282 858 3331 inconditum
878 3283 946 3347 quod
977 3284 1068 3333 molier
1090 3282 1162 3331 dicta

72 3360 124 3409 tino
139 3358 254 3408 modulor
264 3369 342 3424 atque
350 3361 477 3424 jocularia
488 3365 599 3412 carmina
640 3356 745 3419 praefictt
765 3357 870 3406 exhibet
886 3359 933 3420 irie,
949 3359 1042 3423 quibus
1055 3358 1161 3406 mortulo

73 3451 144 3484 more
156 3442 244 3485 nostro
253 3446 437 3488 consectemur.
471 3440 550 3489 Certe
562 3441 598 3488 ie·
638 3435 775 3498 propinqui
793 3449 843 3483 non
863 3442 958 3484 essent.
991 3437 1030 3484 Ex
1046 3436 1163 3482 Varrone

73 3515 145 3561 viora
168 3513 218 3560 ista
236 3512 326 3561 minori
345 3514 459 3575 periculo
475 3516 598 3564 tractabi-
638 3523 677 3557 lv·
689 3509 722 3558 de
735 3510 797 3557 Viitt
809 3509 902 3573 Populi
917 3510 1023 3557 Romani
1035 3509 1067 3557 ad
1086 3509 1162 3556 tibias

74 3604 139 3637 mrrs.
638 3591 665 3633 ei
676 3584 740 3633 fides
751 3587 849 3633 cantari
861 3584 969 3632 solebat.
992 3584 1047 3632 Cic.
1058 3583 1090 3631 de
1102 3583 1164 3644 Leg.

105 3668 137 3713 88
156 3664 210 3712 Ceoe
230 3677 325 3711 marera
344 3664 438 3727 noenioe]
456 3666 599 3713 antuosos
640 3665 759 3709 tendi.
775 3657 1164 3720 ‘Honorntorum,'inquit,‘vi-

73 3755 162 3789 versos
173 3739 245 3786 relat
256 3738 349 3787 inditos
363 3740 480 3788 alienia
490 3741 554 3804 Dea,
567 3739 600 3787 de
640 3750 725 3785 rorum
740 3735 827 3783 laudes
845 3737 869 3782 in
887 3734 1011 3782 concione
1022 3748 1165 3782 memoran-

76 3815 201 3876 qnaCoei.
214 3813 325 3876 Rhodig.
347 3828 417 3863 xxrr.
430 3820 454 3863 3.
470 3819 509 3864 vel
529 3818 602 3879 lugu·
642 3822 700 3872 tort
718 3827 813 3874 casque
832 3812 863 3858 ad
884 3816 1016 3858 cantuset
1036 3810 1165 3861 tibicinem

78 3891 123 3938 bre
147 3905 259 3948 carmen,
287 3890 354 3952 quod
382 3890 479 3951 primns
504 3890 603 3938 invexit
643 3893 843 3951 prosequuntur,
854 3885 895 3931 cni
908 3887 1166 3952 nonrennnniae‚quo

80 3963 184 4024 Lyricns
201 3965 285 4013 Poita
303 3965 486 4024 Sinronirles,e
503 3966 555 4013 Cea
567 3966 604 4013 in·
645 3960 770 4008 vocabulo
788 3959 865 4004 eiiam
883 3956 969 4005 Giffci
989 3969 1077 4012 cantur
1096 3966 1166 4024 iugo·

81 4039 135 4086 suls
146 4039 284 4099 oriundus3
302 4057 359 4104 qno
372 4041 473 4103 quidem
486 4056 500 4090 e
513 4041 605 4102 Cycla·
645 4039 703 4085 lires
714 4035 864 4084 nominant.’

146 4119 235 4180 Delpir.
245 4126 268 4166 et
283 4121 338 4169 Vor.
350 4124 415 4169 Cloe.
602 4118 690 4165 Horat.
1084 4115 1105 4159 lt
