2408 4200
406 308 439 365 o.
464 307 619 355 norrun
647 309 774 355 resecr

222 445 294 508 Vix
309 447 467 526 illigatum
482 456 515 509 te
529 447 664 510 triformi
712 457 715 466 '

267 545 416 626 Pegasus
432 546 589 631 expediet
603 546 776 609 Chimaera.

52 733 159 791 Pegasus
168 732 303 794 implicitum
315 740 338 781 te
349 736 391 781 aix
403 734 512 783 liberabit
523 749 553 781 ex
563 735 611 781 iata
623 733 742 780 Cbirrroern
753 733 867 791 triformi.

51 971 114 1014 -at
132 969 236 1025 Pegasos
247 970 353 1030 Cuning.
373 972 467 1030 expedit
483 985 513 1018 ex
531 971 649 1017 Chimaera
669 970 737 1031 Lips.
749 975 774 1017 4.
798 971 906 1029 expediat
921 969 965 1015 ch.
984 968 1090 1027 Cuning.
1104 977 1130 1014 et

50 1030 144 1077 Sansd.
155 1031 277 1078 Chimera
286 1033 387 1095 quidam
401 1034 488 1081 Lamb.
497 1034 590 1081 Vener.
606 1037 675 1082 1500.
686 1033 786 1081 Fabrie.
799 1033 861 1080 Feb.
872 1033 961 1094 Steph.
970 1040 997 1078 et
1010 1031 1129 1091 liutgeri.

52 1093 162 1142 chimera
174 1096 238 1143 Erre.
249 1096 308 1144 Sar.
320 1096 399 1143 Brod.
408 1103 434 1143 et
448 1096 535 1144 Zarot.

541 1242 645 1289 ΝΟΜ

83 1336 114 1379 23
131 1333 177 1379 Vix
188 1333 306 1392 illigatum
317 1339 339 1381 le
348 1333 518 1394 trisomnbdfr]
528 1334 571 1395 lp·

53 1421 80 1453 se
93 1407 272 1468 Bellerophon,
287 1409 330 1470 qui
345 1409 443 1470 Pegaso
458 1407 571 1455 inridens

51 1481 200 1529 Chimaeram
212 1481 351 1535 interfecit,
362 1480 446 1543 capite
462 1488 506 1529 ant
520 1481 571 1528 for·

49 1568 89 1600 ms
107 1555 202 1614 triplici
215 1555 376 1612 horrendam,
390 1555 430 1602 vix
443 1563 468 1602 te
481 1554 571 1601 libcra-

51 1627 87 1671 bit
108 1626 139 1672 ab
157 1628 205 1673 ista
223 1641 302 1686 prava
316 1629 422 1675 muliere
434 1629 491 1676 hnic
503 1642 572 1675 mon·

48 1707 101 1746 stro
113 1714 161 1746 uon
175 1700 290 1746 absimili.
324 1702 392 1748 Vide
403 1701 476 1750 infra.

81 1778 113 1821 24
130 1774 247 1834 Pegasus]
265 1774 340 1836 Apud
353 1775 439 1824 strab.
451 1784 479 1824 et
490 1776 571 1823 Pala·

51 1851 118 1910 phat.
136 1851 249 1910 Pegasus
262 1864 311 1896 nou
323 1859 361 1898 est
373 1865 462 1913 equus,
472 1851 516 1898 red
529 1867 572 1899 na·

50 1925 86 1971 via
99 1926 172 1985 longa
183 1930 210 1970 et
223 1925 353 1983 citissima,
364 1925 411 1971 hoc
423 1924 480 1971 ideo
492 1926 571 1972 nomi·

51 2014 82 2045 ne
101 2001 230 2061 insignita,
249 2014 298 2061 qua
317 1999 487 2059 Bellerophon
505 2002 570 2046 inse-

50 2082 125 2120 cutus
137 2073 329 2135 comprehendit
342 2083 368 2120 et
378 2073 471 2120 cecidit
483 2074 570 2134 Lycio·

50 2162 104 2193 rum
118 2148 226 2203 Ducem,
240 2147 339 2192 nomine
357 2147 518 2199 Chimaeram,
535 2147 571 2205 pi·

49 2223 131 2268 rstica
150 2219 279 2275 infamem,
298 2227 397 2266 vectum
416 2220 482 2278 nari,
498 2221 571 2281 quus

49 2309 126 2355 prora
149 2296 236 2352 leonis,
261 2296 353 2356 puppis
375 2294 502 2353 draconis,
521 2308 571 2341 rne-

49 2370 118 2416 dinm
139 2384 223 2431 caprae
243 2367 349 2426 effigiem
373 2376 417 2414 aut
436 2368 570 2427 imaginem

50 2446 179 2505 depictam
202 2445 347 2492 exhibebat.
391 2443 508 2503 Hiucqne
534 2440 570 2487 fa·

50 2518 116 2564 bnlae
140 2520 209 2564 locus
227 2519 313 2577 datur,
333 2523 397 2562 teste
415 2516 493 2562 etiam
511 2515 571 2561 Plu-

50 2593 148 2648 tarcho‚
162 2592 193 2638 de
205 2593 279 2638 claris
293 2590 446 2636 mulieribus.

83 2667 195 2724 Trifornri
215 2665 335 2724 chimera]
363 2665 401 2710 Ex
423 2662 508 2710 Strab.
529 2663 571 2710 cit.

50 2743 125 2788 hlons
134 2743 175 2788 ille
187 2743 271 2802 Lyciae
281 2741 431 2799 ignivomus,
440 2739 465 2783 in
476 2738 571 2783 vertice

49 2816 143 2875 leones,
159 2817 183 2861 in
201 2815 282 2861 medio
300 2810 442 2873 capras,ad
460 2809 570 2855 radicem

50 2898 182 2947 serpentes
200 2887 318 2932 habehat.
352 2884 428 2930 Hune
439 2896 499 2928 vero
512 2882 571 2927 Bel·

48 2963 170 3021 lerophou
187 2959 342 3019 expurgavit
361 2966 387 3001 et
407 2956 570 3002 inhabitatum

50 3036 119 3097 prins
142 3035 233 3082 exinde
259 3031 423 3078 habitabilem
450 3029 570 3076 reddidit.

51 3110 126 3171 Apud
139 3108 294 3156 fabulatores
313 3108 430 3153 Chimera
449 3112 489 3151 est
502 3118 571 3151 uron-

51 3195 131 3232 strnm
143 3185 257 3243 triforme,
270 3191 348 3244 caput
364 3190 391 3228 et
403 3180 480 3242 pedes
493 3180 572 3226 leonia

50 3261 154 3314 haberis,
164 3275 246 3319 caprae
258 3254 505 3310 veutrcrn,droconis
515 3268 572 3300 can·

51 3333 122 3379 darn:
142 3332 230 3391 Πρόσθε
250 3331 317 3389 λέων,
336 3333 412 3375 ὄπιθεν
437 3328 460 3373 δὲ
478 3327 574 3386 δράκων,

50 3405 126 3466 μέσση
139 3405 162 3451 δὲ
175 3405 277 3465 χίμαιρα.
308 3404 375 3450 Hine
394 3403 526 3449 Lucretius
546 3415 571 3447 r.

611 1340 666 1382 003.
696 1334 804 1381 ‘Prima
825 1336 874 1391 leo,
897 1341 1025 1393 postrema
1047 1329 1131 1383 draco.

611 1409 693 1456 media
704 1409 759 1468 ipsa
771 1408 914 1456 Chinraern.'
932 1406 1008 1453 Ouid.
1020 1406 1083 1451 hlct.
1093 1417 1133 1449 rx.

610 1487 668 1530 oro.
681 1484 818 1529 ‘mediisin
831 1483 944 1543 partibus
952 1482 1058 1535 hircum,
1070 1480 1132 1525 Pec-

612 1565 652 1601 tus
664 1565 689 1602 ct
702 1571 745 1603 ora
758 1558 814 1615 leae,
826 1557 932 1603 caudam
952 1553 1078 1614 serpentis
1091 1554 1132 1599 lra-

610 1632 706 1679 behat.¹
736 1633 792 1679 Hoc
805 1648 864 1679 vero
879 1633 1048 1692 Bellerophon
1063 1632 1133 1689 Nep·

612 1713 672 1752 tuno
694 1706 804 1764 adjutus,
832 1709 900 1753 alato
920 1719 985 1765 equo
1008 1706 1132 1754 invectus.

611 1780 711 1841 sagittis
723 1779 844 1832 confecit.
872 1780 997 1826 Lucienus
1015 1778 1083 1824 Dial.
1099 1777 1131 1821 de

612 1855 708 1902 Astrol.
729 1856 766 1902 ait
782 1857 885 1902 minime
904 1853 951 1900 sihi
974 1866 1132 1913 persuasum,

612 1930 704 1976 alatum
716 1929 908 1989 Bellerophonti
929 1941 1019 1988 equum
1036 1924 1131 1972 fuisse:

612 2016 700 2049 rernm
721 2010 823 2064 putare,
835 2003 904 2048 illum
925 2002 982 2048 talis
1000 2000 1132 2060 sapientiae

612 2076 697 2123 studio
714 2076 839 2133 deditum,
856 2073 972 2122 sublimia
989 2084 1014 2120 et
1028 2089 1083 2136 qnae
1101 2074 1132 2119 ad

612 2151 696 2197 sidera
716 2152 847 2210 pertinent
862 2150 1026 2196 meditantem
1044 2150 1069 2194 in
1084 2162 1133 2194 cre·

611 2225 662 2271 lum
681 2223 823 2270 ascendisse
843 2238 893 2270 non
906 2238 970 2283 equo
983 2223 1026 2269 aed
1040 2232 1131 2269 mente.

613 2297 714 2343 videet
727 2297 791 2343 Coel.
808 2297 914 2354 Rhodig.
933 2310 994 2342 xnr.
1007 2301 1030 2342 9.
1051 2297 1132 2342 Porro

613 2372 677 2418 bene
690 2371 811 2418 Horatius
824 2372 982 2417 meretricem
1001 2384 1056 2415 curn
1075 2371 1132 2415 Chi-

613 2459 690 2491 uraera
718 2443 826 2491 confert.
860 2444 943 2504 Hujus
967 2443 1033 2489 enirn
1055 2445 1133 2490 hahet

612 2520 655 2564 illa
674 2532 808 2573 venenum,
838 2516 964 2574 faetorem,
985 2516 1132 2575 feritatem;

612 2592 768 2653 impuraque
784 2591 897 2638 lihidinis
914 2589 1026 2637 flammas
1040 2592 1131 2651 passim

612 2674 722 2713 eructat.
758 2665 832 2713 uude
851 2666 916 2727 qrrod
929 2668 1020 2712 amoris
1040 2667 1132 2726 princi-

613 2741 654 2799 pia
671 2741 793 2800 irnpetuur
816 2740 903 2796 leonis,
920 2739 1030 2787 medium
1046 2754 1132 2799 capra

611 2815 779 2869 salacitatem,
796 2813 851 2860 fiuis
869 2823 952 2860 autem
965 2813 1058 2859 doloris
1070 2828 1132 2858 rnor-

612 2900 654 2931 sus
667 2887 736 2933 velut
753 2890 880 2946 serpentis
898 2903 927 2934 ac
942 2889 1056 2932 draconis
1076 2888 1132 2931 leti-

612 2957 679 3003 feros
690 2972 816 3017 nunqnam
825 2973 874 3003 non
887 2961 975 3003 exerit.
1016 2958 1130 3015 Fulgent.

612 3031 722 3090 Mythol.
742 3030 785 3078 lib.
799 3043 841 3077 nr.
867 3031 999 3076 Chinuerae
1014 3037 1131 3090 tanquam

613 3106 649 3154 rei
662 3121 717 3167 quae
731 3119 857 3166 nunquam
870 3102 916 3150 fnit
930 3113 973 3151 aut
985 3119 1039 3150 esse
1051 3107 1133 3164 potuit

612 3179 726 3230 meminit
738 3179 834 3225 Tullius
850 3178 881 3223 de
897 3178 955 3224 Nat.
977 3179 1057 3224 Deor.
1072 3191 1089 3223 ι.
1107 3193 1132 3226 n.

614 3259 668 3301 100.
681 3261 706 3299 et
719 3253 750 3298 ad
770 3252 850 3299 Attio.
870 3266 901 3298 rr.
917 3257 954 3300 to.
968 3252 1009 3298 ubi
1022 3262 1049 3300 ct
1069 3253 1132 3298 citat

614 3326 765 3373 versiculum
786 3326 916 3384 Granum,
936 3326 978 3385 qui
998 3340 1074 3388 supra
1089 3327 1131 3375 ha·

613 3400 694 3446 betur.
