2408 4200
49 281 72 344 2
500 295 693 344 srrsrous.

49 442 155 505 lectos
184 443 217 501 et
246 442 435 502 consumtos
464 454 568 520 prope
597 437 640 500 ed
673 436 835 502 interitum
870 437 1054 520 redegerist
1106 437 1136 501 0

50 537 217 605 Achillem
239 537 425 604 Gallicum!
469 537 708 603 OLvnovrci
740 537 870 602 Maeui
900 539 1139 605 incrementum

49 640 196 705 illustre!
239 640 270 704 0
287 647 526 706 consummate
536 642 606 724 jam
622 639 752 704 virtutis
767 659 808 704 ac
823 640 973 704 militaris
989 639 1135 703 scientie

49 741 263 822 megistmm!
306 741 365 805 Sic
389 760 447 824 per
471 747 505 804 te
530 741 639 805 tracta
665 752 785 822 nempe
813 746 866 803 tot
888 739 1034 804 hostium
1061 732 1138 802 eou-

49 843 206 906 tumacia.
250 841 308 905 Sic
327 840 490 906 Liliornm
511 839 749 906 Francioornm
772 839 978 922 splendorem
1002 856 1067 902 non
1087 843 1138 902 tu·

50 942 114 1006 eris
127 943 236 1019 modo,
250 941 309 1005 sed
324 943 405 1006 mire
421 961 524 1025 auges
538 949 574 1006 et
587 941 783 1025 amplificas.

93 1042 181 1123 Ergo
203 1042 234 1105 si
254 1042 382 1110 viveret
404 1042 567 1107 Horatius
592 1046 703 1105 noster
727 1040 779 1103 bis
804 1040 1019 1123 temporibus,
1037 1056 1138 1122 qnam

50 1146 182 1206 strenue
208 1143 319 1208 Druso
341 1142 499 1226 madorem
521 1141 723 1206 celebraret!
760 1137 898 1216 Quanto
924 1140 1067 1205 alacrius
1096 1138 1139 1202 de

51 1244 366 1322 te,Snnnu1ss1un
382 1242 587 1318 Pitumnus
602 1241 817 1324 praedicaret:

461 1342 630 1406 Vindelici
646 1385 655 1404 .
671 1386 703 1404 ..

220 1444 357 1509 Senscre
372 1444 452 1526 quid
464 1462 559 1508 meus
573 1443 645 1520 rite,
659 1443 739 1526 quid
754 1443 884 1507 indoles

223 1544 360 1608 Nutrita
373 1544 491 1610 suetis
505 1544 567 1608 sub
581 1543 806 1626 penetralibus

267 1645 396 1709 Posset

96 1747 202 1811 Porro
217 1752 348 1810 crescat
361 1744 500 1824 interim,
521 1744 661 1810 feliciter
682 1744 860 1826 adolescat,
877 1746 973 1811 bonis
987 1746 1148 1829 omuibus¹

53 1846 239 1930 disciplinis
268 1847 458 1911 instituatur
484 1852 584 1928 atque
605 1846 750 1909 firmetur
776 1845 899 1930 triplex
928 1848 1035 1930 Regni
1061 1867 1141 1930 spes

54 1954 87 2011 et
116 1948 284 2011 columen:
314 1947 552 2011 Serenissimos
581 1947 658 2011 dico
687 1945 860 2031 Principes
887 1949 1141 2024 Buacuunrm,

54 2046 401 2124 Auunonvnusruu,
418 2047 640 2112 Brrunrcuu
659 2046 790 2110 Duces:
806 2053 1141 2130 quostuarnmatque

54 2145 240 2210 Lnnovror
267 2148 400 2211 Mncur
424 2149 581 2212 virtutum
606 2147 747 2209 eemnlos
769 2147 942 2210 universus
964 2149 1055 2210 orbis
1067 2147 1141 2228 jam

49 2246 186 2329 jamque
212 2255 335 2331 sperat,
365 2252 538 2322 reveretur,
567 2245 769 2308 reformidat.
825 2244 985 2309 Crescant
1010 2248 1069 2323 illi,
1096 2248 1143 2310 ad

53 2355 200 2410 nostrum
216 2346 430 2428 praesidium;
454 2347 588 2406 dotibus
602 2344 701 2422 regiis
716 2344 914 2405 instruantur
928 2342 970 2404 ud
985 2350 1143 2406 terrorem

55 2445 216 2520 hostium3
238 2448 419 2521 augeantur
433 2440 608 2505 virtutibus
623 2441 668 2502 ad
684 2438 870 2518 Religionis
885 2440 1143 2520 firmamentum3

55 2544 195 2621 denique
207 2542 259 2602 his
275 2541 427 2604 omnibus
440 2540 474 2604 in
489 2539 562 2603 dies
576 2539 805 2615 inclarescant,
822 2538 866 2602 ad
881 2541 990 2605 Patris
1005 2541 1142 2624 Avique

56 2642 168 2721 gloriae
183 2640 360 2703 cumulum.

99 2740 166 2802 His
182 2740 314 2821 quidem
328 2742 404 2803 illos
418 2743 508 2806 votis
524 2743 643 2807 Franci
670 2762 783 2807 omnes
809 2745 1038 2808 amantissime
1064 2765 1143 2828 pro·

57 2846 253 2920 sequuntur;
276 2839 352 2901 dom
382 2846 418 2903 tu
449 2861 537 2905 nova
565 2863 664 2924 paras
685 2844 785 2919 belle,
807 2863 979 2926 novosque
1002 2845 1143 2910 adornas

54 2938 249 3019 triumphos.
293 2940 363 3019 Ego
385 2941 514 3006 demum
538 2944 697 3026 obsequio
723 2944 900 3026 studioque
925 2966 991 3008 non
1009 2945 1145 3010 ultimus

55 3038 171 3102 saltem
186 3038 352 3103 aesinam:

227 3136 395 3204 Contende
409 3140 492 3204 felix
508 3143 549 3205 ad
564 3144 670 3209 decus
684 3145 856 3227 optimum,

229 3239 430 3302 Dnnnruun
447 3243 619 3325 Princeps,
636 3244 754 3309 Gloria
768 3246 820 3308 cui
838 3247 952 3328 praeit:

270 3339 511 3421 Quodcumque
524 3342 590 3425 (sic
605 3345 684 3408 satis
698 3344 876 3427 statutum)

315 3439 543 3504 Bouuortiou
561 3450 624 3518 est,
639 3443 735 3505 decet
749 3464 824 3507 esse
840 3464 1016 3511 summum.
