2408 4200
391 243 598 292 caeternum
624 244 696 290 nra.
721 243 744 288 r.
765 227 819 291 87.

188 381 260 445 Vix
275 400 342 445 una
356 401 474 464 sospes
491 383 585 445 navis
600 382 645 446 ab
659 382 811 464 ignibne3

191 481 404 564 Montemque
420 482 629 565 lymphatam
645 482 832 547 Mareotico

232 584 378 666 Redegit
392 584 425 646 in
442 602 539 647 veroa
554 585 689 648 timores

274 684 402 760 Caesar,
419 686 461 747 ab
479 684 580 748 ltalia
593 686 757 748 volantem

189 783 306 848 Remis
321 785 492 866 adurgens,
503 785 680 868 (accipiter
695 785 785 849 velut

192 884 316 948 Molles
335 886 518 963 columbas,
533 896 592 950 aut
605 888 751 968 leporem
765 885 851 949 citus

230 985 379 1049 Venator
394 987 429 1048 in
444 989 573 1070 campis
590 988 710 1050 nivalis

273 1085 492 1163 Haemoniae)
507 1085 602 1150 daret
617 1092 652 1150 ut
666 1088 796 1151 catenis
1048 1095 1052 1100 ’
1110 1087 1154 1152 20

62 1271 177 1320 imminuit
187 1274 258 1321 caica
268 1274 377 1321 anniculo
387 1273 429 1320 cix
445 1271 474 1319 ot
485 1269 593 1318 incendio
603 1270 680 1318 eoleo:
696 1276 720 1319 et
733 1271 837 1319 enimam
848 1270 979 1319 Mareotico
991 1270 1113 1328 serentem
1122 1271 1154 1317 ed

61 1348 126 1383 oeroe
136 1340 212 1384 metue
222 1337 332 1397 compulit
344 1336 475 1396 Augustae,
490 1334 582 1395 qucum
592 1332 728 1394 fugientem
738 1334 768 1382 ol
779 1335 853 1383 ltalia
862 1339 997 1396 persecutae
1007 1339 1043 1382 ert
1053 1334 1153 1393 remigo·

63 1397 134 1460 time,
147 1401 275 1462 (torquere
285 1400 399 1462 accipiter
415 1405 508 1447 merae
523 1396 695 1459 colenlrmmt
706 1399 806 1460 leporem
816 1400 885 1448 eeloec
900 1400 1016 1448 tmecator
1029 1412 1072 1460 per
1084 1409 1154 1458 αςτω

518 1541 532 1559 Ι
535 1538 697 1560 ‘mmm

64 1627 127 1673 -14
145 1623 273 1672 Memitico
285 1624 354 1686 conj.
367 1624 485 1686 Gnyetue
496 1623 529 1671 ad
541 1621 674 1671 Lucana.
683 1624 804 1670 lim—lt
822 1621 967 1682 Bentleiuc,
981 1622 1053 1671 nulla
1065 1630 1153 1672 auoto-

62 1687 150 1747 ritate,
160 1688 278 1750 prefert,
288 1690 319 1735 cd
330 1702 394 1736 ceree
406 1688 575 1737 timoren—18
592 1687 699 1735 Venett.
712 1688 867 1735 laeetana.
885 1684 994 1735 Arcena.
1007 1693 1033 1734 et
1045 1686 1152 1736 hooher.

60 1766 87 1798 oc
96 1752 210 1816 leporem
222 1767 286 1801 unm
298 1752 457 1810 heremanni,
466 1756 492 1799 et
503 1750 658 1814 teporem,uti
668 1749 737 1813 conj.
747 1749 924 1813 Canium-19
938 1751 1041 1798 Venetae
1052 1751 1153 1801 emend.

62 1814 207 1864 With—20
225 1816 340 1865 AEmoeioe
359 1817 447 1864 multra
467 1817 527 1864 edd.
543 1821 609 1863 rett-
627 1822 655 1861 et
674 1815 711 1861 cic
732 1813 822 1861 Helm.
839 1815 930 1876 steph.
948 1815 1040 1862 Minci.
1060 1813 1154 1878 Delph.

62 1878 282 1927 Bond.Schrecel.
291 1881 411 1927 Torrent.
421 1881 500 1941 Cruq.
512 1879 595 1926 Baxt.
607 1877 689 1925 Geen.
698 1883 725 1924 et
737 1875 840 1924 Walret.
860 1876 992 1925 Hemoniae
1004 1877 1080 1927 llari.
1094 1882 1116 1925 l.
1128 1880 1154 1926 h.

63 1944 87 1990 8.
98 1946 122 1991 4.
133 1948 157 1990 t.
167 1945 192 1989 a.
202 1942 311 1990 Venett.
326 1950 353 1990 et
372 1944 404 1989 et.
422 1944 484 1990 item
502 1942 572 2001 Jani,
582 1942 688 1990 Mitech.
706 1940 794 1987 Bentl.
814 1940 922 2002 Bipont.
938 1942 1046 1988 Wetael.
1061 1941 1153 1990 Comh.

62 2005 178 2053 etKidd.
189 2013 217 2053 ct
227 2007 264 2053 aio
275 2006 352 2053 etiam
363 2006 437 2053 multi
454 2005 530 2053 codd.
547 2004 716 2067 Propertium
732 2010 759 2049 ct
778 2004 866 2051 Burm.
878 2004 955 2065 Vulp.
972 2010 1000 2052 et
1016 2005 1154 2052 Lachman.

63 2067 95 2116 ad
107 2068 229 2131 Propert.
239 2082 273 2119 rr.
285 2073 324 2117 1⁰.
332 2073 357 2118 2.
375 2076 403 2118 et
414 2070 439 2118 in
451 2069 555 2132 optimis
566 2068 645 2118 codd.
654 2067 740 2118 strab.
750 2079 788 2115 rx·
801 2081 826 2129 p.
834 2070 893 2116 444.
908 2066 1005 2128 legitur
1015 2066 1155 2125 atcerte-

549 2196 661 2248 NOTAE

63 2297 118 2340 trec
138 2297 193 2353 eet;
214 2307 272 2342 cum
294 2293 421 2356 splendet,
442 2291 587 2354 frangitur!
626 2291 712 2352 mella,
723 2287 872 2350 Atheriani,
885 2289 989 2353 Strabo,
1000 2291 1049 2337 dcc.
1065 2292 1093 2337 et
1104 2301 1155 2336 me·

60 2365 153 2428 Itaque
166 2380 225 2429 epee
238 2368 349 2429 insanae,
359 2366 484 2431 euperbor
495 2367 586 2429 fartus,
626 2366 702 2416 minit
712 2367 835 2430 Virgilius
846 2365 968 2428 Georgia.
981 2378 1013 2414 ιι.
1022 2368 1064 2413 91.
1074 2364 1082 2390 ‘
1091 2363 1157 2413 Sunt

61 2448 89 2488 ct
108 2449 257 2503 arroganter
275 2443 373 2492 animor
392 2445 495 2493 tandem
514 2445 587 2493 Cleo·
625 2442 728 2492 'l'lraaiae
742 2439 1102 2502 viter,enntetlt1areotidee
1118 2439 1156 2487 al·

62 2521 138 2577 patra
148 2514 234 2578 fregit,
245 2519 348 2581 quando
360 2533 375 2568 e
386 2520 467 2568 elaeae
479 2525 531 2566 tam
543 2534 587 2566 nn·
627 2519 688 2572 bre!
714 2522 752 2570 Eo
771 2533 875 2582 nempe,
896 2533 955 2568 cum
976 2533 1022 2567 eno
1041 2515 1156 2566 Antonio

61 2605 163 2641 meroea
174 2592 218 2641 vix
230 2596 263 2643 ab
281 2596 399 2644 inccndio
414 2595 588 2643 Romanorum
629 2593 780 2660 frequenter
798 2597 912 2659 epulata,
931 2595 1043 2644 animum
1059 2591 1157 2641 exhila-

62 2669 510 2735 uavimonumeripoit‚qualugeret.
523 2672 589 2721 Sub·
630 2672 712 2721 rabat.
745 2673 804 2733 Vel,
822 2672 893 2735 regul
910 2671 1058 2728 Mareotim,
1068 2668 1094 2718 id
1106 2675 1156 2728 eet,

63 2742 143 2792 tiliter
155 2744 194 2793 hic
207 2759 221 2792 a
233 2747 360 2793 nonnullis
372 2747 526 2808 intelligitur
536 2745 589 2795 Au·
629 2746 745 2812 AEgyprti
764 2748 855 2812 opihue
876 2747 981 2796 nimium
1000 2743 1104 2799 condia,
1120 2742 1158 2790 in·

63 2826 162 2881 guttur,
172 2820 216 2884 qui
227 2819 308 2870 fuerit
323 2834 388 2868 unue
402 2834 489 2884 eoepec
501 2820 533 2870 ab
544 2823 588 2871 im·
629 2822 711 2889 deque
721 2829 870 2874 velutcaeco
879 2819 1159 2883 enimiimpetuahrep·

62 2893 133 2954 puris
148 2894 198 2943 illie
216 2895 363 2958 Cleopatrae
380 2895 522 2954 ardorihue,
534 2897 588 2960 qui·
629 2892 1158 2965 taadquandeminaeniam‚cumjameibi

61 2965 384 3032 bnededagrarantluliue
393 2972 495 3035 quidem
502 2973 589 3022 Coeear
628 2982 733 3036 arrogat
747 2976 840 3035 aliene,
851 2974 883 3022 de
901 2973 1011 3035 proprii·
1022 2971 1159 3029 laboravit,

62 3045 341 3110 primum,ecenbinde
359 3046 494 3098 Antonine.
520 3050 589 3099 Flor.
628 3052 728 3111 cibique
741 3051 835 3106 timuit,
844 3063 877 3094 ne
888 3049 997 3096 hostium
1012 3048 1102 3107 prtetla
1112 3046 1159 3095 tie·

62 3117 107 3166 cit.
128 3121 234 3167 ‘Prima
251 3122 305 3166 dux
324 3119 393 3180 fugae
411 3123 520 3181 Regina,
532 3135 590 3167 cum
632 3131 689 3170 ret:
709 3120 778 3182 quod
790 3132 881 3166 revera
892 3119 1011 3178 contigit.

65 3204 141 3239 auree
154 3205 250 3253 puppe,
261 3193 369 3252 veloque
385 3206 514 3254 purpureo
526 3206 554 3238 ae
566 3194 592 3240 in
664 3198 697 3243 16
713 3193 751 3241 At
766 3192 839 3241 ltalia
855 3192 970 3239 uolantem
994 3190 1074 3240 Reate
1089 3194 1160 3240 oder·

64 3267 143 3315 altum
156 3266 245 3314 dedit:
265 3279 324 3313 mox
336 3271 440 3312 secutus
453 3264 592 3314 Antonine:
631 3269 761 3332 gerrada]
779 3266 901 3316 Addente
911 3267 962 3315 alae
974 3267 1066 3315 timore
1077 3265 1160 3329 fugie-

64 3342 109 3389 eed
127 3341 223 3389 instare
241 3340 518 3402 vestigimentum&
521 3373 593 3390 .....
635 3345 679 3393 bat
695 3343 818 3393 celeriter
835 3342 989 3405 Cleopatra:
1007 3341 1052 3392 red
1064 3341 1161 3391 institit

66 3431 147 3480 prope
160 3432 234 3465 mann
244 3418 391 3466 tenebatur.
409 3417 487 3466 Prior
496 3415 593 3466 ferrum
633 3419 765 3483 Augirrtue
785 3420 867 3484 (teate
885 3420 961 3468 Floro
978 3416 1036 3481 cit.)
1052 3417 1160 3467 uarihar

65 3493 201 3555 occupavit
214 3492 348 3541 Antonine.
382 3494 480 3555 Regina
497 3494 529 3540 ad
549 3507 593 3556 pe·
632 3495 760 3554 Liburnia,
776 3510 832 3560 quie
854 3495 1022 3544 velocissima
1042 3497 1113 3551 eunt,
1131 3501 1160 3541 ut

66 3567 111 3616 dee
122 3568 232 3617 Cetaria
240 3568 372 3628 provoluta
386 3569 497 3617 tentavit
506 3570 592 3618 oculor
632 3579 723 3635 portet
731 3572 848 3620 dicetur:
860 3570 919 3619 hinc
928 3568 1044 3631 accipitri
1054 3568 1160 3629 citoque

64 3643 147 3691 Ducie
158 3640 262 3689 frustra.
297 3639 364 3688 Nem
378 3642 539 3705 pulchritudo
555 3644 591 3692 in·
632 3649 749 3697 venatori
759 3652 934 3708 comparatur.
952 3644 990 3694 Aa
1003 3641 1086 3703 ltalia]
1100 3642 1160 3690 Por-

64 3725 105 3766 tra
117 3717 268 3780 pudicitiam
281 3717 411 3778 Principia
424 3715 492 3765 fuir?
633 3738 661 3771 ro
678 3723 721 3770 illa
738 3719 901 3778 abhorrebat,
912 3734 943 3767 eo
956 3720 1048 3766 timens
1067 3715 1161 3767 abduci

90 3792 594 3855 ltlymphatamdletreticoildesindo]
633 3797 665 3846 ad
676 3797 775 3845 hortilie
787 3796 911 3856 triumphi
928 3807 1045 3856 pompam
1057 3806 1103 3841 ruo
1115 3791 1159 3842 de·

66 3867 115 3915 Vel
127 3867 258 3928 exquirito
270 3867 328 3914 vino
340 3881 371 3914 ex
385 3867 427 3914 illa
436 3867 541 3929 AEgypti
553 3882 593 3915 re·
633 3872 728 3920 decore
739 3870 922 3918 exornandam.

67 3939 298 4004 glone,Mareotldi
316 3941 404 4004 paludi
423 3943 512 4003 vicina,
524 3945 591 4008 apud
665 3951 697 3993 20
720 3941 865 4003 Hoemooiae]
893 3943 942 3991 Vel
963 3943 1094 3996 Thraciae:
1122 3948 1159 3994 ric

69 4013 269 4080 Alexandriam
296 4017 366 4083 qnod
388 4016 494 4068 laudant
515 4019 592 4068 Colu·
633 4020 712 4071 dicta
729 4019 763 4068 ab
775 4018 878 4079 Humo,
890 4031 934 4068 eeu
950 4019 1055 4072 AEmone
1070 4023 1158 4073 nicom
