<?xml version="1.0" encoding="UTF-8"?>
<!DOCTYPE html PUBLIC "-//W3C//DTD XHTML 1.0 Transitional//EN"
    "http://www.w3.org/TR/xhtml1/DTD/xhtml1-transitional.dtd">
<html xmlns="http://www.w3.org/1999/xhtml" xml:lang="en" lang="en">
 <head>
  <title>
</title>
<meta http-equiv="Content-Type" content="text/html;charset=utf-8" />
  <meta name='ocr-system' content='tesseract 3.04.00' />
  <meta name='ocr-capabilities' content='ocr_page ocr_carea ocr_par ocr_line ocrx_word'/>
</head>
<body>
  <div class='ocr_page' id='page_1' title='image "./quintihoratiifl00zeungoog_0538.png"; bbox 0 0 2408 4200; ppageno 0'>
   <div class='ocr_carea' id='block_1_1' title="bbox 359 240 1152 305">
    <p class='ocr_par' dir='ltr' id='par_1_1' title="bbox 359 240 1152 305">
     <span class='ocr_line' id='line_1_1' title="bbox 359 240 1152 305; baseline 0.005 -4"><span class='ocrx_word' id='word_1_1' title='bbox 359 255 410 301; x_wconf 88' lang='lat' dir='ltr'>so</span> <span class='ocrx_word' id='word_1_2' title='bbox 436 251 642 302; x_wconf 83' lang='lat' dir='ltr'>osnurnuu</span> <span class='ocrx_word' id='word_1_3' title='bbox 669 252 744 300; x_wconf 79' lang='lat' dir='ltr'>sss.</span> <span class='ocrx_word' id='word_1_4' title='bbox 767 251 823 300; x_wconf 92' lang='grc' dir='ltr'><strong>ιιι.</strong></span> <span class='ocrx_word' id='word_1_5' title='bbox 1087 240 1152 305; x_wconf 75' lang='grc'>539</span> 
     </span>
    </p>
   </div>
   <div class='ocr_carea' id='block_1_2' title="bbox 59 390 1152 1170">
    <p class='ocr_par' dir='ltr' id='par_1_2' title="bbox 59 390 1152 999">
     <span class='ocr_line' id='line_1_2' title="bbox 60 390 1152 464; baseline -0.004 -16"><span class='ocrx_word' id='word_1_6' title='bbox 60 402 123 464; x_wconf 87' lang='lat' dir='ltr'>quot</span> <span class='ocrx_word' id='word_1_7' title='bbox 140 396 220 461; x_wconf 86' lang='lat' dir='ltr'>pedes</span> <span class='ocrx_word' id='word_1_8' title='bbox 240 394 271 444; x_wconf 88' lang='lat' dir='ltr'>sd</span> <span class='ocrx_word' id='word_1_9' title='bbox 290 393 402 456; x_wconf 73' lang='lat' dir='ltr'>singulos</span> <span class='ocrx_word' id='word_1_10' title='bbox 423 390 553 441; x_wconf 78' lang='lat' dir='ltr'>referendi</span> <span class='ocrx_word' id='word_1_11' title='bbox 567 391 632 450; x_wconf 82' lang='lat' dir='ltr'>slot,</span> <span class='ocrx_word' id='word_1_12' title='bbox 648 392 674 440; x_wconf 92' lang='lat' dir='ltr'>in</span> <span class='ocrx_word' id='word_1_13' title='bbox 694 407 727 442; x_wconf 85' lang='lat' dir='ltr'>oo</span> <span class='ocrx_word' id='word_1_14' title='bbox 744 393 848 457; x_wconf 86' lang='lat' dir='ltr'>quidem</span> <span class='ocrx_word' id='word_1_15' title='bbox 861 392 1000 442; x_wconf 88' lang='lat' dir='ltr'>isborstnr.</span> <span class='ocrx_word' id='word_1_16' title='bbox 1034 393 1152 459; x_wconf 78' lang='lat' dir='ltr'>Appsret</span> 
     </span>
     <span class='ocr_line' id='line_1_3' title="bbox 59 468 1152 540; baseline -0.004 -14"><span class='ocrx_word' id='word_1_17' title='bbox 59 478 136 538; x_wconf 84' lang='lat' dir='ltr'>eninr,</span> <span class='ocrx_word' id='word_1_18' title='bbox 148 489 223 540; x_wconf 88' lang='lat' dir='ltr'>qustn</span> <span class='ocrx_word' id='word_1_19' title='bbox 235 473 311 522; x_wconf 82' lang='lat' dir='ltr'>iscile</span> <span class='ocrx_word' id='word_1_20' title='bbox 323 475 348 520; x_wconf 90' lang='lat' dir='ltr'>in</span> <span class='ocrx_word' id='word_1_21' title='bbox 359 473 406 519; x_wconf 86' lang='lat' dir='ltr'>bsc</span> <span class='ocrx_word' id='word_1_22' title='bbox 419 470 544 521; x_wconf 70' lang='lat' dir='ltr'>ciminii</span> <span class='ocrx_word' id='word_1_23' title='bbox 555 468 680 531; x_wconf 57' lang='lat' dir='ltr'>formetis</span> <span class='ocrx_word' id='word_1_24' title='bbox 691 485 742 534; x_wconf 84' lang='lat' dir='ltr'>qne</span> <span class='ocrx_word' id='word_1_25' title='bbox 753 472 823 520; x_wconf 85' lang='lat' dir='ltr'>nulls</span> <span class='ocrx_word' id='word_1_26' title='bbox 835 486 937 533; x_wconf 86' lang='lat' dir='ltr'>prorsus</span> <span class='ocrx_word' id='word_1_27' title='bbox 948 473 1041 536; x_wconf 83' lang='lat' dir='ltr'>pedum</span> <span class='ocrx_word' id='word_1_28' title='bbox 1057 475 1152 523; x_wconf 81' lang='lat' dir='ltr'>vicissi-</span> 
     </span>
     <span class='ocr_line' id='line_1_4' title="bbox 60 551 1152 614; baseline -0.005 -8"><span class='ocrx_word' id='word_1_29' title='bbox 60 557 123 606; x_wconf 87' lang='lat' dir='ltr'>tudo</span> <span class='ocrx_word' id='word_1_30' title='bbox 134 561 295 614; x_wconf 86' lang='lat' dir='ltr'>cerneretur,</span> <span class='ocrx_word' id='word_1_31' title='bbox 305 552 400 602; x_wconf 80' lang='lat' dir='ltr'>lectum</span> <span class='ocrx_word' id='word_1_32' title='bbox 418 552 462 612; x_wconf 78' lang='lat' dir='ltr'>sit,</span> <span class='ocrx_word' id='word_1_33' title='bbox 481 559 510 599; x_wconf 86' lang='lat' dir='ltr'>ut</span> <span class='ocrx_word' id='word_1_34' title='bbox 526 551 688 600; x_wconf 80' lang='lat' dir='ltr'>libreriorum</span> <span class='ocrx_word' id='word_1_35' title='bbox 705 552 805 600; x_wconf 81' lang='lat' dir='ltr'>inscitie</span> <span class='ocrx_word' id='word_1_36' title='bbox 817 552 949 614; x_wconf 75' lang='lat' dir='ltr'>vocibuis,</span> <span class='ocrx_word' id='word_1_37' title='bbox 960 560 987 600; x_wconf 90' lang='lat' dir='ltr'>et</span> <span class='ocrx_word' id='word_1_38' title='bbox 998 552 1039 601; x_wconf 87' lang='lat' dir='ltr'>rel</span> <span class='ocrx_word' id='word_1_39' title='bbox 1050 561 1152 601; x_wconf 85' lang='lat' dir='ltr'>senten·</span> 
     </span>
     <span class='ocr_line' id='line_1_5' title="bbox 60 629 1151 697; baseline -0.004 -13"><span class='ocrx_word' id='word_1_40' title='bbox 60 636 118 691; x_wconf 83' lang='lat' dir='ltr'>tiss,</span> <span class='ocrx_word' id='word_1_41' title='bbox 129 638 296 697; x_wconf 82' lang='lat' dir='ltr'>permntstet.</span> <span class='ocrx_word' id='word_1_42' title='bbox 309 645 397 679; x_wconf 81' lang='lat' dir='ltr'>versus</span> <span class='ocrx_word' id='word_1_43' title='bbox 408 631 492 680; x_wconf 88' lang='lat' dir='ltr'>slieno</span> <span class='ocrx_word' id='word_1_44' title='bbox 504 631 560 678; x_wconf 92' lang='lat' dir='ltr'>loco</span> <span class='ocrx_word' id='word_1_45' title='bbox 572 629 709 692; x_wconf 83' lang='lat' dir='ltr'>incideret,</span> <span class='ocrx_word' id='word_1_46' title='bbox 720 630 745 678; x_wconf 93' lang='lat' dir='ltr'>in</span> <span class='ocrx_word' id='word_1_47' title='bbox 761 631 842 694; x_wconf 85' lang='lat' dir='ltr'>iisqne</span> <span class='ocrx_word' id='word_1_48' title='bbox 855 629 1006 679; x_wconf 82' lang='lat' dir='ltr'>deliniendis</span> <span class='ocrx_word' id='word_1_49' title='bbox 1018 629 1151 680; x_wconf 77' lang='lat' dir='ltr'>arbitrium</span> 
     </span>
     <span class='ocr_line' id='line_1_6' title="bbox 59 707 1152 772; baseline -0.005 -9"><span class='ocrx_word' id='word_1_50' title='bbox 59 713 169 763; x_wconf 85' lang='lat' dir='ltr'>subinde</span> <span class='ocrx_word' id='word_1_51' title='bbox 180 726 261 771; x_wconf 86' lang='lat' dir='ltr'>suurn,</span> <span class='ocrx_word' id='word_1_52' title='bbox 274 711 313 759; x_wconf 83' lang='lat' dir='ltr'>rel</span> <span class='ocrx_word' id='word_1_53' title='bbox 328 710 393 759; x_wconf 88' lang='lat' dir='ltr'>sdeo</span> <span class='ocrx_word' id='word_1_54' title='bbox 413 707 567 757; x_wconf 75' lang='lat' dir='ltr'>membranei</span> <span class='ocrx_word' id='word_1_55' title='bbox 588 709 740 772; x_wconf 72' lang='lat' dir='ltr'>psglneqne</span> <span class='ocrx_word' id='word_1_56' title='bbox 760 710 881 772; x_wconf 75' lang='lat' dir='ltr'>spolium,</span> <span class='ocrx_word' id='word_1_57' title='bbox 900 717 1060 772; x_wconf 70' lang='lat' dir='ltr'>sequeretur.</span> <span class='ocrx_word' id='word_1_58' title='bbox 1093 710 1152 761; x_wconf 78' lang='lat' dir='ltr'>Quo</span> 
     </span>
     <span class='ocr_line' id='line_1_7' title="bbox 60 787 1152 851; baseline -0.005 -10"><span class='ocrx_word' id='word_1_59' title='bbox 60 792 138 841; x_wconf 85' lang='lat' dir='ltr'>etism</span> <span class='ocrx_word' id='word_1_60' title='bbox 150 789 243 840; x_wconf 85' lang='lat' dir='ltr'>deinde</span> <span class='ocrx_word' id='word_1_61' title='bbox 255 789 352 838; x_wconf 81' lang='lat' dir='ltr'>lectum</span> <span class='ocrx_word' id='word_1_62' title='bbox 369 794 419 848; x_wconf 86' lang='lat' dir='ltr'>est,</span> <span class='ocrx_word' id='word_1_63' title='bbox 430 795 459 836; x_wconf 91' lang='lat' dir='ltr'>nt</span> <span class='ocrx_word' id='word_1_64' title='bbox 471 801 529 835; x_wconf 88' lang='lat' dir='ltr'>curn</span> <span class='ocrx_word' id='word_1_65' title='bbox 541 794 653 848; x_wconf 82' lang='lat' dir='ltr'>veteres,</span> <span class='ocrx_word' id='word_1_66' title='bbox 668 787 709 850; x_wconf 90' lang='lat' dir='ltr'>qui</span> <span class='ocrx_word' id='word_1_67' title='bbox 725 787 758 834; x_wconf 85' lang='lat' dir='ltr'>de</span> <span class='ocrx_word' id='word_1_68' title='bbox 776 789 864 836; x_wconf 89' lang='lat' dir='ltr'>rnetris</span> <span class='ocrx_word' id='word_1_69' title='bbox 876 789 1008 851; x_wconf 86' lang='lat' dir='ltr'>scripsere,</span> <span class='ocrx_word' id='word_1_70' title='bbox 1020 788 1152 839; x_wconf 83' lang='lat' dir='ltr'>Grsnnns·</span> 
     </span>
     <span class='ocr_line' id='line_1_8' title="bbox 61 864 1152 930; baseline -0.003 -13"><span class='ocrx_word' id='word_1_71' title='bbox 61 871 118 930; x_wconf 82' lang='lat' dir='ltr'>tici,</span> <span class='ocrx_word' id='word_1_72' title='bbox 130 878 183 919; x_wconf 83' lang='lat' dir='ltr'>tum</span> <span class='ocrx_word' id='word_1_73' title='bbox 202 868 360 918; x_wconf 68' lang='lat' dir='ltr'>recentiores</span> <span class='ocrx_word' id='word_1_74' title='bbox 370 866 464 927; x_wconf 86' lang='lat' dir='ltr'>critici,</span> <span class='ocrx_word' id='word_1_75' title='bbox 477 874 529 913; x_wconf 82' lang='lat' dir='ltr'>tent</span> <span class='ocrx_word' id='word_1_76' title='bbox 541 864 656 914; x_wconf 77' lang='lat' dir='ltr'>diverses</span> <span class='ocrx_word' id='word_1_77' title='bbox 673 866 705 915; x_wconf 83' lang='lat' dir='ltr'>de</span> <span class='ocrx_word' id='word_1_78' title='bbox 718 866 766 914; x_wconf 89' lang='lat' dir='ltr'>hoc</span> <span class='ocrx_word' id='word_1_79' title='bbox 779 866 897 914; x_wconf 83' lang='lat' dir='ltr'>Cermine</span> <span class='ocrx_word' id='word_1_80' title='bbox 908 865 1089 918; x_wconf 85' lang='lat' dir='ltr'>constituendo</span> <span class='ocrx_word' id='word_1_81' title='bbox 1101 866 1152 915; x_wconf 82' lang='lat' dir='ltr'>ier·</span> 
     </span>
     <span class='ocr_line' id='line_1_9' title="bbox 61 950 287 999; baseline -0.009 -1"><span class='ocrx_word' id='word_1_82' title='bbox 61 959 120 999; x_wconf 87' lang='lat' dir='ltr'>rent</span> <span class='ocrx_word' id='word_1_83' title='bbox 138 950 287 999; x_wconf 80' lang='lat' dir='ltr'>sententies.</span> 
     </span>
    </p>

    <p class='ocr_par' dir='ltr' id='par_1_3' title="bbox 59 1023 1151 1170">
     <span class='ocr_line' id='line_1_10' title="bbox 93 1023 1151 1091; baseline -0.002 -14"><span class='ocrx_word' id='word_1_84' title='bbox 93 1030 131 1078; x_wconf 76' lang='lat' dir='ltr'>sle</span> <span class='ocrx_word' id='word_1_85' title='bbox 144 1031 252 1091; x_wconf 86' lang='lat' dir='ltr'>primnrn</span> <span class='ocrx_word' id='word_1_86' title='bbox 264 1026 367 1091; x_wconf 83' lang='lat' dir='ltr'>quidem</span> <span class='ocrx_word' id='word_1_87' title='bbox 380 1026 405 1073; x_wconf 89' lang='lat' dir='ltr'>in</span> <span class='ocrx_word' id='word_1_88' title='bbox 417 1023 493 1073; x_wconf 82' lang='lat' dir='ltr'>codd.</span> <span class='ocrx_word' id='word_1_89' title='bbox 504 1023 583 1088; x_wconf 87' lang='lat' dir='ltr'>Cruq.</span> <span class='ocrx_word' id='word_1_90' title='bbox 595 1023 726 1086; x_wconf 88' lang='lat' dir='ltr'>sntiqniss.</span> <span class='ocrx_word' id='word_1_91' title='bbox 739 1023 858 1073; x_wconf 79' lang='lat' dir='ltr'>Blendin.</span> <span class='ocrx_word' id='word_1_92' title='bbox 869 1025 950 1073; x_wconf 85' lang='lat' dir='ltr'>Msld.</span> <span class='ocrx_word' id='word_1_93' title='bbox 961 1030 989 1073; x_wconf 89' lang='lat' dir='ltr'>et</span> <span class='ocrx_word' id='word_1_94' title='bbox 999 1024 1078 1074; x_wconf 84' lang='grc' dir='ltr'><strong>Μιιι.</strong></span> <span class='ocrx_word' id='word_1_95' title='bbox 1090 1026 1151 1075; x_wconf 88' lang='lat' dir='ltr'>item</span> 
     </span>
     <span class='ocr_line' id='line_1_11' title="bbox 59 1084 1147 1170; baseline -0.006 -14"><span class='ocrx_word' id='word_1_96' title='bbox 59 1107 85 1156; x_wconf 93' lang='lat' dir='ltr'>in</span> <span class='ocrx_word' id='word_1_97' title='bbox 97 1107 181 1159; x_wconf 84' lang='lat' dir='ltr'>ilenti.</span> <span class='ocrx_word' id='word_1_98' title='bbox 192 1107 282 1158; x_wconf 79' lang='lat' dir='ltr'>Graer.</span> <span class='ocrx_word' id='word_1_99' title='bbox 295 1108 386 1168; x_wconf 74' lang='lat' dir='ltr'>Regin.</span> <span class='ocrx_word' id='word_1_100' title='bbox 396 1113 424 1153; x_wconf 85' lang='lat' dir='ltr'>et</span> <span class='ocrx_word' id='word_1_101' title='bbox 436 1103 534 1153; x_wconf 82' lang='lat' dir='ltr'>listlel.</span> <span class='ocrx_word' id='word_1_102' title='bbox 546 1111 574 1153; x_wconf 87' lang='lat' dir='ltr'>et</span> <span class='ocrx_word' id='word_1_103' title='bbox 585 1113 672 1153; x_wconf 81' lang='lat' dir='ltr'>nostro</span> <span class='ocrx_word' id='word_1_104' title='bbox 686 1104 761 1153; x_wconf 82' lang='lat' dir='ltr'>Dese.</span> <span class='ocrx_word' id='word_1_105' title='bbox 773 1109 798 1153; x_wconf 74' lang='lat' dir='ltr'>l.</span> <span class='ocrx_word' id='word_1_106' title='bbox 811 1105 846 1153; x_wconf 86' lang='lat' dir='ltr'>its</span> <span class='ocrx_word' id='word_1_107' title='bbox 857 1105 950 1170; x_wconf 73' lang='lat' dir='ltr'>digesti</span> <span class='ocrx_word' id='word_1_108' title='bbox 959 1112 1020 1154; x_wconf 87' lang='lat' dir='ltr'>suut</span> <span class='ocrx_word' id='word_1_109' title='bbox 1031 1117 1118 1153; x_wconf 81' lang='lat' dir='ltr'>versus</span> <span class='ocrx_word' id='word_1_110' title='bbox 1129 1084 1147 1150; x_wconf 76' lang='grc' dir='ltr'>ε’</span> 
     </span>
    </p>
   </div>
   <div class='ocr_carea' id='block_1_3' title="bbox 284 1240 871 2490">
    <p class='ocr_par' dir='ltr' id='par_1_4' title="bbox 284 1240 871 1542">
     <span class='ocr_line' id='line_1_12' title="bbox 286 1240 871 1305; baseline -0.002 -13"><span class='ocrx_word' id='word_1_111' title='bbox 286 1243 439 1292; x_wconf 84' lang='lat' dir='ltr'>Misersrnm</span> <span class='ocrx_word' id='word_1_112' title='bbox 452 1247 500 1302; x_wconf 89' lang='lat' dir='ltr'>est,</span> <span class='ocrx_word' id='word_1_113' title='bbox 511 1252 595 1304; x_wconf 88' lang='lat' dir='ltr'>neque</span> <span class='ocrx_word' id='word_1_114' title='bbox 607 1242 686 1290; x_wconf 83' lang='lat' dir='ltr'>sinorl</span> <span class='ocrx_word' id='word_1_115' title='bbox 698 1240 761 1289; x_wconf 87' lang='lat' dir='ltr'>dsre</span> <span class='ocrx_word' id='word_1_116' title='bbox 773 1241 871 1305; x_wconf 77' lang='lat' dir='ltr'>lucinio,</span> 
     </span>
     <span class='ocr_line' id='line_1_13' title="bbox 284 1321 772 1385; baseline -0.002 -13"><span class='ocrx_word' id='word_1_117' title='bbox 284 1323 377 1385; x_wconf 90' lang='lat' dir='ltr'>Neque</span> <span class='ocrx_word' id='word_1_118' title='bbox 390 1322 459 1369; x_wconf 91' lang='lat' dir='ltr'>dulci</span> <span class='ocrx_word' id='word_1_119' title='bbox 471 1321 537 1369; x_wconf 81' lang='lat' dir='ltr'>mels</span> <span class='ocrx_word' id='word_1_120' title='bbox 549 1322 607 1368; x_wconf 85' lang='lat' dir='ltr'>sino</span> <span class='ocrx_word' id='word_1_121' title='bbox 620 1323 715 1376; x_wconf 80' lang='lat' dir='ltr'>lovere,</span> <span class='ocrx_word' id='word_1_122' title='bbox 727 1329 772 1371; x_wconf 86' lang='lat' dir='ltr'>snt</span> 
     </span>
     <span class='ocr_line' id='line_1_14' title="bbox 287 1401 701 1462; baseline 0 -13"><span class='ocrx_word' id='word_1_123' title='bbox 287 1401 434 1449; x_wconf 78' lang='lat' dir='ltr'>Exanimsri</span> <span class='ocrx_word' id='word_1_124' title='bbox 446 1408 590 1449; x_wconf 76' lang='lat' dir='ltr'>metuentes</span> <span class='ocrx_word' id='word_1_125' title='bbox 602 1408 701 1462; x_wconf 75' lang='lat' dir='ltr'>patrue</span> 
     </span>
     <span class='ocr_line' id='line_1_15' title="bbox 285 1481 513 1542; baseline 0.009 -15"><span class='ocrx_word' id='word_1_126' title='bbox 285 1481 398 1529; x_wconf 83' lang='lat' dir='ltr'>Verbere</span> <span class='ocrx_word' id='word_1_127' title='bbox 411 1481 513 1542; x_wconf 72' lang='lat' dir='ltr'>lingue.</span> 
     </span>
    </p>

    <p class='ocr_par' dir='ltr' id='par_1_5' title="bbox 284 1558 761 1846">
     <span class='ocr_line' id='line_1_16' title="bbox 284 1558 756 1622; baseline 0 -16"><span class='ocrx_word' id='word_1_128' title='bbox 284 1558 342 1606; x_wconf 82' lang='lat' dir='ltr'>Tibi</span> <span class='ocrx_word' id='word_1_129' title='bbox 355 1560 456 1622; x_wconf 87' lang='lat' dir='ltr'>quelurn</span> <span class='ocrx_word' id='word_1_130' title='bbox 469 1558 603 1620; x_wconf 73' lang='lat' dir='ltr'>Cytheren</span> <span class='ocrx_word' id='word_1_131' title='bbox 618 1573 682 1620; x_wconf 82' lang='lat' dir='ltr'>puer</span> <span class='ocrx_word' id='word_1_132' title='bbox 694 1561 756 1620; x_wconf 84' lang='lat' dir='ltr'>sios,</span> 
     </span>
     <span class='ocr_line' id='line_1_17' title="bbox 284 1637 744 1701; baseline 0 -16"><span class='ocrx_word' id='word_1_133' title='bbox 284 1637 341 1685; x_wconf 78' lang='lat' dir='ltr'>Tibi</span> <span class='ocrx_word' id='word_1_134' title='bbox 355 1639 429 1698; x_wconf 74' lang='lat' dir='ltr'>telas,</span> <span class='ocrx_word' id='word_1_135' title='bbox 440 1652 606 1701; x_wconf 70' lang='lat' dir='ltr'>operoseque</span> <span class='ocrx_word' id='word_1_136' title='bbox 619 1637 744 1686; x_wconf 64' lang='lat' dir='ltr'>Minervae</span> 
     </span>
     <span class='ocr_line' id='line_1_18' title="bbox 284 1717 761 1782; baseline 0 -15"><span class='ocrx_word' id='word_1_137' title='bbox 284 1718 403 1767; x_wconf 83' lang='lat' dir='ltr'>Studium</span> <span class='ocrx_word' id='word_1_138' title='bbox 414 1717 508 1777; x_wconf 75' lang='lat' dir='ltr'>aufert,</span> <span class='ocrx_word' id='word_1_139' title='bbox 520 1719 647 1781; x_wconf 83' lang='lat' dir='ltr'>Neobulc,</span> <span class='ocrx_word' id='word_1_140' title='bbox 659 1719 761 1782; x_wconf 86' lang='lat' dir='ltr'>Lipsrei</span> 
     </span>
     <span class='ocr_line' id='line_1_19' title="bbox 289 1797 479 1846; baseline -0.005 0"><span class='ocrx_word' id='word_1_141' title='bbox 289 1797 365 1846; x_wconf 81' lang='lat' dir='ltr'>Nitor</span> <span class='ocrx_word' id='word_1_142' title='bbox 379 1797 479 1846; x_wconf 83' lang='lat' dir='ltr'>Hebri:</span> 
     </span>
    </p>

    <p class='ocr_par' dir='ltr' id='par_1_6' title="bbox 286 1877 796 2171">
     <span class='ocr_line' id='line_1_20' title="bbox 286 1877 739 1926; baseline -0.011 0"><span class='ocrx_word' id='word_1_143' title='bbox 286 1879 367 1926; x_wconf 83' lang='lat' dir='ltr'>Simul</span> <span class='ocrx_word' id='word_1_144' title='bbox 381 1884 471 1924; x_wconf 91' lang='lat' dir='ltr'>unctos</span> <span class='ocrx_word' id='word_1_145' title='bbox 482 1877 609 1924; x_wconf 81' lang='lat' dir='ltr'>Tiberinis</span> <span class='ocrx_word' id='word_1_146' title='bbox 622 1877 739 1923; x_wconf 86' lang='lat' dir='ltr'>lnrrneros</span> 
     </span>
     <span class='ocr_line' id='line_1_21' title="bbox 286 1951 754 2012; baseline -0.013 -9"><span class='ocrx_word' id='word_1_147' title='bbox 286 1956 361 2003; x_wconf 77' lang='lat' dir='ltr'>Lavit</span> <span class='ocrx_word' id='word_1_148' title='bbox 373 1954 397 2000; x_wconf 91' lang='lat' dir='ltr'>in</span> <span class='ocrx_word' id='word_1_149' title='bbox 409 1952 495 2010; x_wconf 86' lang='lat' dir='ltr'>undis,</span> <span class='ocrx_word' id='word_1_150' title='bbox 507 1966 586 2012; x_wconf 84' lang='lat' dir='ltr'>eques</span> <span class='ocrx_word' id='word_1_151' title='bbox 598 1953 652 2012; x_wconf 91' lang='lat' dir='ltr'>ipso</span> <span class='ocrx_word' id='word_1_152' title='bbox 663 1951 754 2000; x_wconf 85' lang='lat' dir='ltr'>melior</span> 
     </span>
     <span class='ocr_line' id='line_1_22' title="bbox 287 2029 796 2093; baseline -0.008 -14"><span class='ocrx_word' id='word_1_153' title='bbox 287 2029 498 2090; x_wconf 82' lang='lat' dir='ltr'>Bellerophonte,</span> <span class='ocrx_word' id='word_1_154' title='bbox 511 2041 594 2091; x_wconf 85' lang='lat' dir='ltr'>neque</span> <span class='ocrx_word' id='word_1_155' title='bbox 605 2042 701 2091; x_wconf 75' lang='lat' dir='ltr'>pugno,</span> <span class='ocrx_word' id='word_1_156' title='bbox 714 2042 796 2093; x_wconf 86' lang='lat' dir='ltr'>neque</span> 
     </span>
     <span class='ocr_line' id='line_1_23' title="bbox 286 2106 552 2171; baseline -0.008 -15"><span class='ocrx_word' id='word_1_157' title='bbox 286 2109 364 2171; x_wconf 79' lang='lat' dir='ltr'>Segni</span> <span class='ocrx_word' id='word_1_158' title='bbox 377 2106 443 2169; x_wconf 89' lang='lat' dir='ltr'>pede</span> <span class='ocrx_word' id='word_1_159' title='bbox 456 2108 552 2155; x_wconf 86' lang='lat' dir='ltr'>victus:</span> 
     </span>
    </p>

    <p class='ocr_par' dir='ltr' id='par_1_7' title="bbox 287 2185 785 2490">
     <span class='ocr_line' id='line_1_24' title="bbox 288 2185 785 2250; baseline -0.002 -14"><span class='ocrx_word' id='word_1_160' title='bbox 288 2189 366 2236; x_wconf 81' lang='lat' dir='ltr'>Cetus</span> <span class='ocrx_word' id='word_1_161' title='bbox 378 2185 455 2248; x_wconf 85' lang='lat' dir='ltr'>idem,</span> <span class='ocrx_word' id='word_1_162' title='bbox 468 2201 512 2248; x_wconf 90' lang='lat' dir='ltr'>per</span> <span class='ocrx_word' id='word_1_163' title='bbox 524 2193 642 2249; x_wconf 83' lang='lat' dir='ltr'>apertum</span> <span class='ocrx_word' id='word_1_164' title='bbox 655 2185 785 2250; x_wconf 77' lang='lat' dir='ltr'>fugientes</span> 
     </span>
     <span class='ocr_line' id='line_1_25' title="bbox 287 2266 753 2330; baseline -0.002 -15"><span class='ocrx_word' id='word_1_165' title='bbox 287 2266 394 2330; x_wconf 82' lang='lat' dir='ltr'>Agitsto</span> <span class='ocrx_word' id='word_1_166' title='bbox 406 2281 482 2329; x_wconf 79' lang='lat' dir='ltr'>grege</span> <span class='ocrx_word' id='word_1_167' title='bbox 494 2281 584 2315; x_wconf 83' lang='lat' dir='ltr'>cervos</span> <span class='ocrx_word' id='word_1_168' title='bbox 592 2267 715 2329; x_wconf 76' lang='lat' dir='ltr'>jaculari,</span> <span class='ocrx_word' id='word_1_169' title='bbox 725 2273 753 2314; x_wconf 90' lang='lat' dir='ltr'>et</span> 
     </span>
     <span class='ocr_line' id='line_1_26' title="bbox 288 2345 720 2396; baseline -0.007 -1"><span class='ocrx_word' id='word_1_170' title='bbox 288 2347 364 2395; x_wconf 88' lang='lat' dir='ltr'>Celer</span> <span class='ocrx_word' id='word_1_171' title='bbox 377 2347 429 2395; x_wconf 87' lang='lat' dir='ltr'>slto</span> <span class='ocrx_word' id='word_1_172' title='bbox 442 2346 587 2396; x_wconf 81' lang='lat' dir='ltr'>lstilsntem</span> <span class='ocrx_word' id='word_1_173' title='bbox 598 2345 720 2395; x_wconf 79' lang='lat' dir='ltr'>fruticeto</span> 
     </span>
     <span class='ocr_line' id='line_1_27' title="bbox 290 2427 528 2490; baseline -0.004 -15"><span class='ocrx_word' id='word_1_174' title='bbox 290 2427 417 2488; x_wconf 81' lang='lat' dir='ltr'>Excipere</span> <span class='ocrx_word' id='word_1_175' title='bbox 430 2441 528 2490; x_wconf 76' lang='lat' dir='ltr'>aprum.</span> 
     </span>
    </p>
   </div>
   <div class='ocr_carea' id='block_1_4' title="bbox 64 2582 1159 2963">
    <p class='ocr_par' dir='ltr' id='par_1_8' title="bbox 64 2582 1159 2963">
     <span class='ocr_line' id='line_1_28' title="bbox 65 2582 1157 2652; baseline -0.004 -18"><span class='ocrx_word' id='word_1_176' title='bbox 65 2586 139 2634; x_wconf 87' lang='lat' dir='ltr'>Unde</span> <span class='ocrx_word' id='word_1_177' title='bbox 151 2586 181 2645; x_wconf 87' lang='lat' dir='ltr'>is,</span> <span class='ocrx_word' id='word_1_178' title='bbox 193 2585 237 2647; x_wconf 89' lang='lat' dir='ltr'>qui</span> <span class='ocrx_word' id='word_1_179' title='bbox 247 2601 262 2632; x_wconf 86' lang='lat' dir='ltr'>e</span> <span class='ocrx_word' id='word_1_180' title='bbox 272 2586 384 2649; x_wconf 85' lang='lat' dir='ltr'>Crnqnio</span> <span class='ocrx_word' id='word_1_181' title='bbox 396 2586 481 2636; x_wconf 88' lang='lat' dir='ltr'>editus</span> <span class='ocrx_word' id='word_1_182' title='bbox 494 2597 544 2647; x_wconf 85' lang='lat' dir='ltr'>est,</span> <span class='ocrx_word' id='word_1_183' title='bbox 555 2589 667 2650; x_wconf 85' lang='lat' dir='ltr'>scriptor</span> <span class='ocrx_word' id='word_1_184' title='bbox 679 2587 797 2652; x_wconf 75' lang='lat' dir='ltr'>antiquus</span> <span class='ocrx_word' id='word_1_185' title='bbox 810 2586 842 2634; x_wconf 90' lang='lat' dir='ltr'>de</span> <span class='ocrx_word' id='word_1_186' title='bbox 856 2585 947 2634; x_wconf 80' lang='lat' dir='ltr'>Mettis</span> <span class='ocrx_word' id='word_1_187' title='bbox 959 2583 1070 2644; x_wconf 75' lang='lat' dir='ltr'>Horatii,</span> <span class='ocrx_word' id='word_1_188' title='bbox 1080 2582 1157 2633; x_wconf 90' lang='lat' dir='ltr'>Oden</span> 
     </span>
     <span class='ocr_line' id='line_1_29' title="bbox 64 2663 1158 2729; baseline -0.002 -18"><span class='ocrx_word' id='word_1_189' title='bbox 64 2665 187 2711; x_wconf 89' lang='lat' dir='ltr'>Tricolon</span> <span class='ocrx_word' id='word_1_190' title='bbox 206 2663 406 2725; x_wconf 78' lang='lat' dir='ltr'>Tetrastrophou</span> <span class='ocrx_word' id='word_1_191' title='bbox 424 2680 480 2713; x_wconf 88' lang='lat' dir='ltr'>esse</span> <span class='ocrx_word' id='word_1_192' title='bbox 499 2667 544 2726; x_wconf 83' lang='lat' dir='ltr'>sit,</span> <span class='ocrx_word' id='word_1_193' title='bbox 559 2681 573 2714; x_wconf 93' lang='lat' dir='ltr'>e</span> <span class='ocrx_word' id='word_1_194' title='bbox 590 2667 691 2715; x_wconf 86' lang='lat' dir='ltr'>duobus</span> <span class='ocrx_word' id='word_1_195' title='bbox 711 2668 824 2715; x_wconf 82' lang='lat' dir='ltr'>versibus</span> <span class='ocrx_word' id='word_1_196' title='bbox 842 2666 978 2729; x_wconf 78' lang='lat' dir='ltr'>sapphicis</span> <span class='ocrx_word' id='word_1_197' title='bbox 990 2663 1158 2721; x_wconf 76' lang='lat' dir='ltr'>riestslectis,</span> 
     </span>
     <span class='ocr_line' id='line_1_30' title="bbox 65 2742 1159 2806; baseline 0 -18"><span class='ocrx_word' id='word_1_198' title='bbox 65 2756 116 2789; x_wconf 93' lang='lat' dir='ltr'>uuo</span> <span class='ocrx_word' id='word_1_199' title='bbox 126 2742 307 2790; x_wconf 73' lang='lat' dir='ltr'>Anacreonteo</span> <span class='ocrx_word' id='word_1_200' title='bbox 322 2743 439 2791; x_wconf 87' lang='lat' dir='ltr'>Diruetro</span> <span class='ocrx_word' id='word_1_201' title='bbox 451 2744 607 2806; x_wconf 87' lang='lat' dir='ltr'>(Trimetro)</span> <span class='ocrx_word' id='word_1_202' title='bbox 619 2746 788 2806; x_wconf 73' lang='lat' dir='ltr'>catalectico,</span> <span class='ocrx_word' id='word_1_203' title='bbox 805 2753 831 2793; x_wconf 92' lang='lat' dir='ltr'>el</span> <span class='ocrx_word' id='word_1_204' title='bbox 845 2745 954 2793; x_wconf 79' lang='lat' dir='ltr'>hilonio.</span> <span class='ocrx_word' id='word_1_205' title='bbox 987 2745 1069 2795; x_wconf 77' lang='lat' dir='ltr'>Otreru</span> <span class='ocrx_word' id='word_1_206' title='bbox 1086 2756 1159 2790; x_wconf 92' lang='lat' dir='ltr'>secu·</span> 
     </span>
     <span class='ocr_line' id='line_1_31' title="bbox 65 2819 1156 2886; baseline -0.003 -17"><span class='ocrx_word' id='word_1_207' title='bbox 65 2829 105 2869; x_wconf 90' lang='lat' dir='ltr'>tus</span> <span class='ocrx_word' id='word_1_208' title='bbox 121 2821 148 2871; x_wconf 80' lang='lat' dir='ltr'>J·</span> <span class='ocrx_word' id='word_1_209' title='bbox 161 2821 288 2883; x_wconf 83' lang='lat' dir='ltr'>Crnqnius</span> <span class='ocrx_word' id='word_1_210' title='bbox 306 2822 342 2869; x_wconf 90' lang='lat' dir='ltr'>sic</span> <span class='ocrx_word' id='word_1_211' title='bbox 360 2820 436 2870; x_wconf 87' lang='lat' dir='ltr'>Odeu</span> <span class='ocrx_word' id='word_1_212' title='bbox 454 2823 589 2872; x_wconf 88' lang='lat' dir='ltr'>constituit</span> <span class='ocrx_word' id='word_1_213' title='bbox 604 2823 778 2886; x_wconf 80' lang='lat' dir='ltr'>(approbente</span> <span class='ocrx_word' id='word_1_214' title='bbox 795 2824 830 2872; x_wconf 91' lang='lat' dir='ltr'>H.</span> <span class='ocrx_word' id='word_1_215' title='bbox 848 2824 987 2886; x_wconf 82' lang='lat' dir='ltr'>Stephsno,</span> <span class='ocrx_word' id='word_1_216' title='bbox 1006 2819 1113 2871; x_wconf 82' lang='lat' dir='ltr'>Prrefst.</span> <span class='ocrx_word' id='word_1_217' title='bbox 1125 2819 1156 2867; x_wconf 83' lang='lat' dir='ltr'>ed</span> 
     </span>
     <span class='ocr_line' id='line_1_32' title="bbox 67 2899 237 2963; baseline -0.012 -12"><span class='ocrx_word' id='word_1_218' title='bbox 67 2899 218 2963; x_wconf 86' lang='lat' dir='ltr'>Leclorem)</span> <span class='ocrx_word' id='word_1_219' title='bbox 231 2917 237 2950; x_wconf 91' lang='lat'><strong>:</strong></span> 
     </span>
    </p>
   </div>
   <div class='ocr_carea' id='block_1_5' title="bbox 290 3023 875 3330">
    <p class='ocr_par' dir='ltr' id='par_1_9' title="bbox 290 3023 875 3249">
     <span class='ocr_line' id='line_1_33' title="bbox 290 3023 875 3091; baseline -0.014 -13"><span class='ocrx_word' id='word_1_220' title='bbox 290 3028 445 3078; x_wconf 83' lang='lat' dir='ltr'>Miserarum</span> <span class='ocrx_word' id='word_1_221' title='bbox 457 3036 506 3089; x_wconf 88' lang='lat' dir='ltr'>est,</span> <span class='ocrx_word' id='word_1_222' title='bbox 518 3040 600 3091; x_wconf 87' lang='lat' dir='ltr'>neque</span> <span class='ocrx_word' id='word_1_223' title='bbox 613 3027 692 3075; x_wconf 77' lang='lat' dir='ltr'>amori</span> <span class='ocrx_word' id='word_1_224' title='bbox 704 3025 766 3073; x_wconf 87' lang='lat' dir='ltr'>dere</span> <span class='ocrx_word' id='word_1_225' title='bbox 779 3023 875 3084; x_wconf 83' lang='lat' dir='ltr'>hrdurn,</span> 
     </span>
     <span class='ocr_line' id='line_1_34' title="bbox 291 3107 836 3171; baseline -0.015 -14"><span class='ocrx_word' id='word_1_226' title='bbox 291 3109 384 3171; x_wconf 88' lang='lat' dir='ltr'>Neque</span> <span class='ocrx_word' id='word_1_227' title='bbox 396 3108 464 3156; x_wconf 88' lang='lat' dir='ltr'>dulci</span> <span class='ocrx_word' id='word_1_228' title='bbox 479 3107 545 3155; x_wconf 84' lang='lat' dir='ltr'>uteie</span> <span class='ocrx_word' id='word_1_229' title='bbox 558 3108 616 3153; x_wconf 87' lang='lat' dir='ltr'>vino</span> <span class='ocrx_word' id='word_1_230' title='bbox 628 3107 725 3166; x_wconf 82' lang='lat' dir='ltr'>lovere,</span> <span class='ocrx_word' id='word_1_231' title='bbox 737 3112 781 3153; x_wconf 84' lang='lat' dir='ltr'>stit</span> <span class='ocrx_word' id='word_1_232' title='bbox 792 3117 836 3151; x_wconf 80' lang='lat' dir='ltr'>ex·</span> 
     </span>
     <span class='ocr_line' id='line_1_35' title="bbox 290 3189 665 3249; baseline -0.008 -12"><span class='ocrx_word' id='word_1_233' title='bbox 290 3189 396 3237; x_wconf 85' lang='lat' dir='ltr'>nnisnsri</span> <span class='ocrx_word' id='word_1_234' title='bbox 408 3195 553 3236; x_wconf 82' lang='lat' dir='ltr'>metuentes</span> <span class='ocrx_word' id='word_1_235' title='bbox 566 3195 665 3249; x_wconf 78' lang='lat' dir='ltr'>patruis</span> 
     </span>
    </p>

    <p class='ocr_par' dir='ltr' id='par_1_10' title="bbox 291 3269 520 3330">
     <span class='ocr_line' id='line_1_36' title="bbox 291 3269 520 3330; baseline -0.004 -14"><span class='ocrx_word' id='word_1_236' title='bbox 291 3269 407 3316; x_wconf 83' lang='lat' dir='ltr'>Verbere</span> <span class='ocrx_word' id='word_1_237' title='bbox 419 3269 520 3330; x_wconf 74' lang='lat' dir='ltr'>lingue.</span> 
     </span>
    </p>
   </div>
   <div class='ocr_carea' id='block_1_6' title="bbox 289 3411 773 3698">
    <p class='ocr_par' dir='ltr' id='par_1_11' title="bbox 289 3411 760 3554">
     <span class='ocr_line' id='line_1_37' title="bbox 289 3411 760 3475; baseline 0 -17"><span class='ocrx_word' id='word_1_238' title='bbox 289 3411 347 3459; x_wconf 86' lang='lat' dir='ltr'>Tibi</span> <span class='ocrx_word' id='word_1_239' title='bbox 360 3413 460 3475; x_wconf 86' lang='lat' dir='ltr'>qnslum</span> <span class='ocrx_word' id='word_1_240' title='bbox 473 3411 608 3472; x_wconf 72' lang='lat' dir='ltr'>Cytheren</span> <span class='ocrx_word' id='word_1_241' title='bbox 622 3425 686 3475; x_wconf 87' lang='lat' dir='ltr'>puer</span> <span class='ocrx_word' id='word_1_242' title='bbox 698 3412 760 3472; x_wconf 84' lang='lat' dir='ltr'>eles,</span> 
     </span>
     <span class='ocr_line' id='line_1_38' title="bbox 291 3489 750 3554; baseline -0.004 -16"><span class='ocrx_word' id='word_1_243' title='bbox 291 3489 349 3538; x_wconf 82' lang='lat' dir='ltr'>Tihi</span> <span class='ocrx_word' id='word_1_244' title='bbox 362 3491 436 3551; x_wconf 82' lang='lat' dir='ltr'>seles,</span> <span class='ocrx_word' id='word_1_245' title='bbox 447 3505 612 3554; x_wconf 66' lang='lat' dir='ltr'>operosaeque</span> <span class='ocrx_word' id='word_1_246' title='bbox 625 3491 750 3538; x_wconf 78' lang='lat' dir='ltr'>Minervae</span> 
     </span>
    </p>

    <p class='ocr_par' dir='ltr' id='par_1_12' title="bbox 291 3568 773 3698">
     <span class='ocr_line' id='line_1_39' title="bbox 291 3568 773 3632; baseline 0 -15"><span class='ocrx_word' id='word_1_247' title='bbox 291 3569 408 3617; x_wconf 86' lang='lat' dir='ltr'>Studium</span> <span class='ocrx_word' id='word_1_248' title='bbox 421 3568 516 3631; x_wconf 79' lang='lat' dir='ltr'>aufert,</span> <span class='ocrx_word' id='word_1_249' title='bbox 528 3570 655 3631; x_wconf 88' lang='lat' dir='ltr'>Neobule‚</span> <span class='ocrx_word' id='word_1_250' title='bbox 667 3569 773 3632; x_wconf 76' lang='lat' dir='ltr'>Lipare·</span> 
     </span>
     <span class='ocr_line' id='line_1_40' title="bbox 292 3648 493 3698; baseline -0.005 -1"><span class='ocrx_word' id='word_1_251' title='bbox 292 3649 301 3697; x_wconf 89' lang='lat' dir='ltr'>i</span> <span class='ocrx_word' id='word_1_252' title='bbox 314 3649 384 3697; x_wconf 87' lang='lat' dir='ltr'>nitor</span> <span class='ocrx_word' id='word_1_253' title='bbox 395 3648 493 3698; x_wconf 88' lang='lat' dir='ltr'>Hebri:</span> 
     </span>
    </p>
   </div>
   <div class='ocr_carea' id='block_1_7' title="bbox 292 3802 805 4097">
    <p class='ocr_par' dir='ltr' id='par_1_13' title="bbox 292 3802 786 3852">
     <span class='ocr_line' id='line_1_41' title="bbox 292 3802 786 3852; baseline 0 -3"><span class='ocrx_word' id='word_1_254' title='bbox 292 3802 372 3850; x_wconf 86' lang='lat' dir='ltr'>Simul</span> <span class='ocrx_word' id='word_1_255' title='bbox 385 3807 474 3851; x_wconf 88' lang='lat' dir='ltr'>unctos</span> <span class='ocrx_word' id='word_1_256' title='bbox 485 3802 609 3851; x_wconf 81' lang='lat' dir='ltr'>Tiberinis</span> <span class='ocrx_word' id='word_1_257' title='bbox 621 3803 738 3852; x_wconf 88' lang='lat' dir='ltr'>humores</span> <span class='ocrx_word' id='word_1_258' title='bbox 749 3803 786 3849; x_wconf 88' lang='lat' dir='ltr'>ls-</span> 
     </span>
    </p>

    <p class='ocr_par' dir='ltr' id='par_1_14' title="bbox 292 3881 789 3946">
     <span class='ocr_line' id='line_1_42' title="bbox 292 3881 789 3946; baseline 0.004 -20"><span class='ocrx_word' id='word_1_259' title='bbox 292 3881 328 3927; x_wconf 82' lang='lat' dir='ltr'>rit</span> <span class='ocrx_word' id='word_1_260' title='bbox 341 3882 365 3928; x_wconf 93' lang='lat' dir='ltr'>in</span> <span class='ocrx_word' id='word_1_261' title='bbox 377 3881 460 3942; x_wconf 87' lang='lat' dir='ltr'>trudis,</span> <span class='ocrx_word' id='word_1_262' title='bbox 473 3896 551 3946; x_wconf 88' lang='lat' dir='ltr'>eques</span> <span class='ocrx_word' id='word_1_263' title='bbox 563 3884 618 3946; x_wconf 88' lang='lat' dir='ltr'>ipso</span> <span class='ocrx_word' id='word_1_264' title='bbox 630 3884 718 3930; x_wconf 87' lang='lat' dir='ltr'>melior</span> <span class='ocrx_word' id='word_1_265' title='bbox 730 3882 789 3928; x_wconf 88' lang='lat' dir='ltr'>Bel·</span> 
     </span>
    </p>

    <p class='ocr_par' dir='ltr' id='par_1_15' title="bbox 293 3957 805 4097">
     <span class='ocr_line' id='line_1_43' title="bbox 293 3957 805 4025; baseline 0.004 -23"><span class='ocrx_word' id='word_1_266' title='bbox 293 3957 454 4020; x_wconf 87' lang='lat' dir='ltr'>lerophoute‚</span> <span class='ocrx_word' id='word_1_267' title='bbox 467 3975 551 4024; x_wconf 82' lang='lat' dir='ltr'>neque</span> <span class='ocrx_word' id='word_1_268' title='bbox 565 3976 660 4025; x_wconf 79' lang='lat' dir='ltr'>pugno,</span> <span class='ocrx_word' id='word_1_269' title='bbox 671 3975 754 4023; x_wconf 87' lang='lat' dir='ltr'>neque</span> <span class='ocrx_word' id='word_1_270' title='bbox 767 3972 805 4006; x_wconf 87' lang='lat' dir='ltr'>se·</span> 
     </span>
     <span class='ocr_line' id='line_1_44' title="bbox 295 4035 525 4097; baseline 0.022 -17"><span class='ocrx_word' id='word_1_271' title='bbox 295 4035 335 4091; x_wconf 80' lang='lat' dir='ltr'>qni</span> <span class='ocrx_word' id='word_1_272' title='bbox 349 4036 414 4097; x_wconf 84' lang='lat' dir='ltr'>pede</span> <span class='ocrx_word' id='word_1_273' title='bbox 428 4039 525 4088; x_wconf 86' lang='lat' dir='ltr'>victus:</span> 
     </span>
    </p>
   </div>
   <div class='ocr_carea' id='block_1_8' title="bbox 0 0 1217 4200">
    <p class='ocr_par' dir='ltr' id='par_1_16' title="bbox 0 0 1217 4200">
     <span class='ocr_line' id='line_1_45' title="bbox 0 0 1217 4200; baseline 0 0"><span class='ocrx_word' id='word_1_274' title='bbox 0 0 1217 4200; x_wconf 95' lang='lat' dir='ltr'> </span> 
     </span>
    </p>
   </div>
  </div>
 </body>
</html>
