2408 4200
54 241 118 307 146
412 258 445 315 Q·
469 255 629 305 nonnrrr
654 256 788 306 rnrocr

180 400 367 483 Utcumque
385 401 486 476 dulci,
501 363 661 481 Tyndari,
676 397 790 463 fistula

223 499 352 577 Valles,
367 507 399 563 ct
415 500 545 564 Usticae
560 500 715 562 cubantis

265 603 372 667 Levia
388 620 592 684 personuere
606 619 702 667 saxa.

53 777 168 841 Tyndari,
178 778 244 825 mani
263 775 313 836 <ius
334 775 392 824 tilio
412 787 535 822 remanere
551 773 631 835 audes,
641 787 754 838 rupesque
770 774 834 824 laud
852 788 940 838 aspera
955 776 1043 824 montis
1058 774 1146 824 Uelicae

508 918 674 938 ‘mm
678 919 693 940 O

49 1018 114 1065 rium
137 1016 277 1128 qimandam,
296 1016 406 1081 lloedilia)
433 1032 558 1082 nusquam
577 1019 662 1068 boedile
683 1018 806 1068 occurrit.
834 1018 936 1067 boediliae
956 1016 1030 1066 multi
1052 1014 1143 1065 Lamb.

50 1083 141 1130 Mente
153 1113 160 1128 .
171 1097 259 1131 omnes
271 1082 348 1146 Cruq.
361 1092 456 1145 praeter
467 1082 529 1141 dun,
541 1084 653 1132 Bentleii
667 1083 741 1131 Leid.
754 1081 845 1140 Regin.
863 1083 951 1132 Graec.
964 1089 991 1130 et
1003 1081 1080 1129 Fron.
1098 1079 1147 1127 la·

49 1147 120 1194 dulice
131 1146 181 1196 duo
192 1147 287 1195 Bland.
300 1147 377 1210 Cruq.
388 1162 404 1193 a
414 1162 446 1195 m.
459 1163 497 1210 pr.
509 1147 576 1210 quod
590 1154 618 1195 et
638 1147 763 1196 Larnbino
779 1148 874 1208 placet.
885 1154 913 1194 et
930 1146 966 1194 sic
987 1147 1067 1206 Cruq.
1083 1142 1147 1192 Fab.

51 1213 147 1259 Dacer.
157 1217 277 1273 tauquam
288 1211 321 1259 sit
333 1212 443 1273 bedullo,
456 1226 489 1268 oe,
506 1211 523 1260 i.
534 1226 556 1259 e.
570 1219 673 1273 septum
688 1210 829 1259 haedorum.
862 1210 912 1259 Sed
932 1223 1015 1272 neque
1033 1209 1147 1256 occurrit

51 1287 157 1336 usquam
168 1275 225 1323 brec
235 1290 292 1329 vox,
305 1288 387 1337 neque
397 1275 515 1337 analogia
524 1289 552 1322 se
565 1281 661 1322 tuetur.
686 1276 781 1339 ltaque
792 1275 892 1323 landet
904 1273 1040 1334 legendnm
1054 1278 1147 1334 putant

51 1337 173 1398 Armatus,
192 1340 313 1387 Torrent.
334 1340 424 1389 dones.
446 1339 563 1386 atenim
585 1339 689 1387 dicatur
713 1339 854 1401 ‘equulus'
877 1346 905 1386 et
929 1335 1087 1401 ‘equuleus'
1112 1336 1145 1384 ab

51 1402 153 1464 ‘equo,'
170 1403 324 1451 ‘hinnulus'
342 1411 368 1451 et
383 1401 549 1452 ‘hinnulcus’
567 1402 601 1450 ab
616 1401 734 1462 ‘lriuno;’
751 1403 789 1451 sic
807 1402 968 1450 descendere
986 1400 1149 1448 ‘lraednlum'

52 1472 79 1513 et
95 1465 275 1514 ‘haeduleum'
292 1467 324 1514 ab
342 1468 433 1516 ‘baedo
445 1465 460 1514 :'
477 1481 525 1514 nec
538 1465 639 1526 obesse,
651 1466 719 1529 quod
729 1481 779 1516 non
793 1466 854 1514 alibi
867 1469 968 1529 legatur
978 1466 986 1492 ⁴
995 1464 1148 1521 lraeduleus3’

51 1544 108 1576 nam
125 1537 153 1577 et
168 1530 350 1578 ‘binnuleum'
367 1539 464 1591 praeter
484 1529 617 1578 Horatium
637 1531 680 1578 vix
698 1545 840 1593 quenquam
862 1530 967 1578 dixisse.
1002 1531 1074 1577 Bene
1091 1528 1146 1575 ha‘c

51 1594 127 1639 saue!
154 1593 206 1641 Sed
219 1595 308 1641 melius
322 1595 399 1642 etiam
411 1595 521 1642 lroedaleae
533 1593 745 1641 emendlalbot.
756 1603 782 1643 et
792 1594 880 1641 Bentl.
889 1602 916 1641 et
928 1596 962 1641 sic
973 1593 1038 1641 Cuu.
1050 1590 1146 1640 Sanad.

51 1664 79 1702 et
89 1655 168 1702 Gesn.
198 1657 264 1704 Nam
274 1658 329 1704 lraec
338 1658 486 1706 emendatio
498 1657 590 1721 (atque
602 1657 668 1705 baud
681 1657 759 1706 dubia
772 1673 833 1704 vern
845 1657 936 1717 lectio)
948 1663 976 1703 et
988 1656 1020 1703 ab
1034 1655 1145 1717 antiquis

50 1720 101 1766 illis
117 1720 190 1768 lectt.
202 1721 317 1783 proxime
336 1721 418 1779 abest,
435 1728 625 1784 patueruntque
641 1721 681 1769 bae
699 1736 732 1769 cx
750 1722 793 1769 illa
811 1720 933 1768 facillime
955 1718 1146 1780 corrumpendo

52 1783 124 1857 oriri,
136 1791 163 1831 et
174 1782 332 1859 foemininum
343 1792 383 1833 est
395 1785 563 1847 exquisitius;
581 1784 681 1832 vidend
695 1798 713 1833 1.
724 1784 774 1832 Od.
785 1790 809 1833 l.
821 1789 860 1861 ¹.⁸·
876 1785 938 1860 lroedi
948 1784 1007 1841 ulia,
1020 1797 1056 1857 sc.
1071 1789 1147 1858 parte

49 1848 224 1961 {lll'tlil'il
236 1846 1148 1974 itttlqttlllrdllnltlllultis{tltlrlttll‘¹³t:{

50 1975 156 2023 Martios
167 1976 261 2024 lroedillu
274 1982 323 2024 tum
335 1978 399 2038 lupos
411 1976 482 2039 conj.
494 1974 554 2023 Ald.
566 1975 669 2023 Manat.
687 1976 797 2039 Pigeret
808 1988 849 2023 me
863 1974 976 2031 Horatii,
987 1976 1007 2024 si
1022 1975 1058 2024 ita
1070 1974 1150 2036 scrip·

550 2103 660 2154 NOTAE

51 2208 113 2265 pote
131 2215 238 2262 rapaces
251 2217 281 2250 ac
293 2202 399 2251 violenti
418 2201 581 2265 depraedato·
621 2201 843 2264 quandocumque,
854 2201 928 2249 simul
941 2207 1019 2264 atque
1031 2215 1102 2248 suam
1113 2201 1150 2248 in-

52 2291 102 2326 res.
134 2279 209 2340 Virg.
228 2278 327 2326 AEucid.
346 2292 384 2326 rx.
396 2280 581 2338 lobdunum
622 2274 668 2324 flat
680 2275 790 2325 fistulam
804 2277 859 2324 Pan
872 2291 915 2323 seu
927 2276 1041 2331 Faunus,
1059 2276 1102 2338 qni
1115 2290 1148 2322 ex

52 2355 164 2402 Martius
177 2370 191 2402 a
203 2355 312 2402 stabulis
325 2355 410 2417 rapuit
424 2354 516 2415 lupus!
539 2355 581 2402 ΑΙ·
621 2352 715 2414 Virgil.
735 2353 824 2414 Eclog.
846 2366 876 2399 rr.
897 2355 937 2398 32.
953 2352 960 2376 ⁴
974 2351 1029 2397 Pan
1052 2352 1148 2411 primus

51 2427 117 2474 ludit
133 2428 201 2476 forte
219 2429 304 2476 Polite
324 2430 355 2476 ud
377 2429 401 2475 id
421 2429 488 2490 quod
509 2430 580 2475 aiunt
621 2428 732 2475 calamos
746 2442 805 2476 corn
823 2428 980 2490 conjungere
1002 2426 1087 2487 plures
1106 2426 1149 2472 ln-

53 2502 178 2562 templum
199 2500 277 2548 luisse
297 2503 320 2548 in
339 2501 480 2549 Parthenio
500 2502 580 2549 Arce·
622 2503 722 2550 stituit:
753 2503 809 2550 Pau
831 2509 905 2550 curat
927 2516 988 2549 oves
1011 2501 1149 2563 oviumque

51 2576 101 2621 diae
115 2584 201 2622 monte
219 2591 319 2624 sacroru
341 2577 427 2624 Fauno
446 2592 490 2624 scu
506 2577 580 2638 Pani,
622 2576 776 2641 magistros?
800 2578 869 2625 Hinc
880 2591 941 2624 vero
954 2584 1107 2638 potestatem
1117 2591 1148 2625 ac

53 2650 122 2712 quod
145 2651 241 2712 asylum
265 2661 321 2698 erat
349 2652 492 2713 pecudibus
515 2653 580 2699 inse·
622 2654 770 2715 praesidium
793 2654 913 2702 Numinis
937 2654 1057 2711 ostendit,
1080 2653 1149 2715 quod

52 2734 160 2789 quentes
172 2727 259 2775 leones
272 2743 301 2776 ac
320 2729 392 2791 lrrpos
413 2728 581 2790 fugientibus,
622 2731 662 2778 vcl
675 2730 736 2777 levis
749 2730 805 2791 ojus
824 2728 917 2777 fistulae
936 2744 1012 2776 sonus
1030 2728 1102 2791 fugat
1122 2737 1149 2777 et

52 2803 94 2866 qui
107 2803 208 2864 quidem
221 2803 334 2851 condire
349 2819 398 2850 nou
410 2803 547 2851 audebant.
622 2806 717 2853 avertit
726 2807 803 2854 noxia
815 2820 933 2869 qumque,
946 2813 973 2852 et
983 2804 1149 2852 securitatem

86 2879 207 2925 Haeduleae
230 2879 349 2942 [badiliu]
382 2879 479 2940 Magna
498 2879 528 2924 de
550 2893 580 2927 ea
622 2880 732 2940 praebet.

52 2967 118 3000 voce
130 2954 273 3002 contentio.
308 2953 418 3004 Quidam
431 2954 521 3015 legunt
533 2955 579 3000 lue·
653 2956 771 3019 Tyndari]
786 2957 859 3002 Hunc
868 2971 922 3003 esse
931 2954 1148 3016 eaudenrqnidam

52 3029 124 3076 dulei.
160 3028 234 3088 Nam,
251 3028 380 3091 inquiunt,
396 3030 427 3076 ab
450 3031 457 3056 ‘
472 3028 580 3088 ὴῑὲίὶιις,ι
621 3036 719 3093 rolunt,
729 3048 803 3096 quarn
816 3034 840 3079 iu
854 3033 949 3095 Epodis
959 3032 1091 3080 Canidiam
1106 3047 1149 3078 vo·

52 3103 204 3158 ‘haedulus'
224 3110 251 3151 ot
271 3104 418 3152 ‘bacduleus
429 3104 444 3163 ;'
462 3107 528 3153 sicut
549 3106 580 3152 nb
621 3118 671 3169 cat,
684 3117 711 3158 et
723 3111 789 3158 salse
802 3107 953 3170 proscindit,
971 3106 1150 3154 ‘Gratidiani’

53 3180 178 3239 ‘lrinnus,'
194 3182 349 3242 ‘liinnulrrs,'
367 3189 393 3230 ct
410 3182 581 3232 ‘hinnulerrs’
622 3193 707 3232 autem
721 3185 745 3231 in
764 3184 831 3231 Odae
851 3183 1026 3245 praecedentis
1043 3183 1149 3246 inscrip-

53 3254 106 3304 Alii
118 3256 233 3314 budaliae,
245 3257 285 3304 vel
294 3258 404 3315 bodilioe,
414 3272 446 3306 cx
457 3258 579 3306 membra·
623 3260 693 3309 tione
706 3260 833 3323 plerisque
847 3261 871 3306 in
882 3259 1014 3307 codicibus
1027 3260 1152 3322 appellat,

52 3331 92 3377 nis
104 3345 155 3377 non
166 3331 268 3390 paucis:
287 3333 354 3380 sicut
376 3333 444 3379 eninr
464 3332 582 3390 ‘lrrurlile⁹
623 3337 741 3384 nimirum
760 3344 787 3381 ut
805 3333 926 3381 offensam
945 3334 1062 3394 mitigem
1083 3349 1149 3381 nunc

54 3405 98 3463 is;'
116 3406 491 3467 sicct‘lraedilia,ae,’dicitur.
527 3409 582 3468 Ego
622 3425 685 3456 vcro
708 3410 755 3455 sibi
785 3407 984 3465 reconciliatum,
1013 3409 1037 3455 in
1062 3410 1148 3455 forman

54 3498 85 3528 cx
100 3482 215 3529 Lambini
235 3483 384 3547 Muretique
399 3484 507 3544 placito,
520 3484 580 3528 nilril
622 3483 870 3529 commcnrlutioneur
892 3483 1066 3544 'l'yndnridcm
1087 3500 1148 3531 urin-

53 3557 579 3619 ccnscomutnndunrinvulgatalcctione;
621 3565 705 3617 copul,
736 3558 807 3620 quasi
834 3558 960 3607 Hclonnur
985 3562 1092 3606 alteram
1116 3561 1147 3606 ob

54 3644 82 3681 ut
103 3650 146 3696 pcs
168 3636 201 3682 sit
222 3636 325 3684 Ionicus
348 3650 394 3695 pro
415 3631 580 3691 Clrorlarnbo,
622 3632 843 3694 pulchritudinem,
856 3642 932 3694 utque
946 3634 1038 3680 invitat
1051 3634 1082 3678 arl
1095 3648 1147 3678 rus·

54 3719 125 3757 certe
138 3709 269 3769 ἶσόχρονος.
294 3711 384 3771 Itaque
395 3708 426 3755 de
440 3716 521 3754 uretto
531 3720 579 3753 non
622 3709 769 3757 ticntlouem
790 3722 819 3755 ec
840 3709 944 3756 delicias
957 3710 1024 3769 apud
1037 3719 1107 3751 suum
1121 3708 1146 3752 iu

54 3787 162 3844 amplius
174 3787 279 3843 soliciti,
293 3786 406 3831 ‹licamus
418 3783 581 3841 badilimlroe·
621 3785 722 3831 Sabinis
739 3783 855 3843 fundum,
873 3784 904 3830 arl
923 3793 1032 3830 nrontcnr
1053 3781 1145 3827 Lucre·

53 3857 142 3906 (lorum
154 3864 274 3922 septasol
288 3862 398 3920 stabula,
410 3858 580 3922 Synecrloclri-
623 3863 701 3909 rilem.

54 3934 98 3976 ⁶¹3⁵
112 3939 170 3991 poni
185 3953 230 3998 pro
243 3938 328 3984 bullis
655 3941 682 3983 ll
700 3937 789 3983 listicoe
800 3935 917 3994 cubantis]
936 3932 1023 3978 Ustica
1035 3945 1106 3978 ruons
1121 3935 1146 3979 in

89 4011 117 4052 to
138 4009 263 4070 lftcnmquc
275 4015 346 4070 dulci,
359 4011 413 4072 lc]
430 4014 528 4074 Grecos
541 4027 579 4059 sc·
620 4011 717 4058 Sabinis
731 4013 821 4058 lonitcr
839 4009 969 4055 rlcclinuus
986 4006 1095 4054 lroruinis
1110 4010 1145 4055 irr-

54 4082 106 4129 curi
121 4093 406 4146 pascuntur,utaturque.
417 4089 580 4150 ubicruuquc,
620 4098 673 4135 stur
686 4086 870 4134 tlt-›rnmbenris
