2408 4200
46 290 92 357 ἃ
391 300 441 353 01
463 303 605 355 Uimi!
627 304 800 358 Romu.
863 298 866 303 ¹

48 443 179 506 Secundi
193 446 309 525 generis
320 445 397 507 Odoe
408 448 459 507 26.

88 540 151 601 lib.
166 557 191 599 1.
206 539 274 601 Ode
314 544 346 600 2.
365 542 435 601 dem
448 540 522 600 euti·
536 539 621 600 terris
633 539 711 601 nivis
728 552 818 621 utque
831 541 915 605 dire.

302 638 349 696 10.
371 634 511 706 Mercuri,
524 633 653 695 meuude
664 654 759 716 nepos
773 637 913 699 Ausum.

301 732 348 789 12.
370 728 467 797 Quem
480 729 574 787 virum
587 736 640 788 sut
651 728 817 812 beroslyre
828 732 876 793 vel
890 734 961 795 seri.

297 825 348 884 20.
370 822 437 883 Vile
445 822 563 902 potabis
576 822 700 885 modicis
714 826 867 887 Sabinum.

297 922 349 979 22.
372 919 491 997 Integer
503 916 573 977 vitm
587 918 766 1001 scelerisque
778 941 880 1002 purus.

219 1026 224 1033 “
262 1066 264 1070 ,
300 1018 351 1077 25.
372 1013 496 1077 Persius
504 1013 626 1094 junctu
639 1016 776 1094 quatiunt
789 1017 946 1078 matres.

300 1114 350 1171 30.
371 1110 521 1183 ovando,
535 1111 638 1191 tegitis
651 1111 742 1173 cnidi
753 1112 917 1193 Psphique.

300 1209 350 1268 82.
371 1205 528 1269 Posuimus
539 1206 566 1265 ei
579 1205 653 1287 quid
665 1206 751 1269 vseui
765 1208 822 1270 sub
837 1208 950 1267 umbre.

301 1304 351 1363 38.
371 1302 508 1363 Persicos
522 1300 584 1374 odi,
596 1322 681 1383 puer,
693 1315 863 1382 sppmtus.

188 1444 195 1458 .
325 1403 355 1459 2.
376 1398 486 1459 Nullus
500 1408 624 1477 argento
637 1400 721 1460 eolor
733 1409 781 1460 est
794 1400 901 1459 everis.
1029 1450 1033 1459 .

321 1498 353 1554 4.
374 1494 421 1555 Ne
436 1494 476 1553 sit
488 1492 605 1554 meilis)
617 1493 670 1554 tibi
685 1513 767 1555 emor
783 1494 901 1574 pudori.

323 1591 353 1649 6.
375 1588 498 1669 Septimi
512 1588 615 1650 Gades
629 1589 744 1651 aditure
757 1608 883 1650 mecum.

321 1686 350 1742 8.
374 1683 442 1744 Ulia
456 1685 482 1745 si
495 1684 571 1764 juris
585 1684 639 1747 tibi
652 1685 785 1765 pejemti.

306 1781 353 1839 10.
375 1778 498 1839 Rectius
511 1779 602 1852 vives,
614 1780 719 1854 Licini,
733 1800 830 1861 neque
844 1779 946 1840 eitum.

304 1876 352 1934 16.
376 1873 478 1935 Otium
493 1874 586 1935 Divos
600 1885 687 1955 roget
700 1876 728 1935 in
739 1875 865 1956 putenti.

190 2013 196 2029 .
323 1971 353 2028 8.
374 1969 492 2031 Martiis
504 1969 615 2031 coelebs
629 1968 702 2051 quid
716 1988 804 2050 egem
818 1966 976 2029 Kalendis.

304 2064 351 2122 11.
374 2063 595 2135 Mercurium
608 2075 638 2126 te
651 2064 757 2125 docilis
770 2066 924 2144 magistro.

306 2160 353 2219 14.
375 2158 513 2220 Herculis
527 2160 585 2220 ritu
599 2160 689 2221 modo
703 2158 811 2233 dictus,
824 2180 842 2220 ο
856 2159 951 2239 plebe.

308 2256 355 2313 18.
377 2255 478 2314 Feune
494 2254 697 2334 Nympharum
710 2256 874 2334 fugientum
889 2264 1012 2314 amator.

304 2351 353 2407 20.
376 2350 445 2408 Νοιι
460 2349 543 2408 vides
556 2359 669 2429 quanto
683 2368 802 2408 moveas
816 2348 936 2429 peticio.

305 2447 353 2502 22.
377 2444 524 2503 Montium
537 2453 639 2502 custos
654 2462 864 2520 nemorumque
878 2444 971 2521 virgo.

304 2540 353 2596 27.
376 2537 483 2616 impios
499 2555 593 2614 pense
607 2537 764 2596 recinentis
778 2557 873 2596 omen.

152 2652 197 2689 ιν.
325 2635 355 2690 2.
378 2630 538 2690 Pindarum
554 2631 687 2710 quisquis
703 2632 803 2693 studet
816 2633 957 2691 aemuisri.

323 2725 351 2783 6.
375 2724 460 2796 Dive,
475 2744 562 2803 quem
577 2724 674 2806 proles
690 2727 805 2786 Niobea
818 2747 944 2805 magnus.

311 2821 357 2878 ll.
380 2819 435 2880 Est
448 2820 518 2879 mibi
534 2840 644 2881 nonum
657 2825 823 2903 superantis
838 2843 958 2882 annum.

94 2915 189 2993 Epod.
255 2934 358 2976 xvim.
380 2915 501 2989 Phoebe,
517 2916 722 2998 sylvarumque
736 2929 842 2998 potens
858 2920 966 2978 Diana.

93 3091 251 3154 Teumuu
272 3114 402 3155 eunus:
427 3104 461 3154 ut
482 3113 509 3157 1.
532 3094 592 3154 Od.
615 3096 644 3156 ³.
667 3114 734 3173 que
759 3106 805 3155 est
820 3093 942 3154 Dicolos
959 3093 1148 3173 Distrophos.

54 3186 169 3247 Primus
196 3190 323 3268 quisque
351 3208 453 3251 versus
484 3199 531 3250 est
557 3189 780 3252 Chorismbicus
818 3190 983 3269 Glyconius
1006 3188 1150 3250 Trimeter

55 3282 262 3343 Acamlectus:
285 3297 428 3346 constans
451 3305 468 3345 e
487 3284 650 3364 Spondeo,
665 3285 854 3357 Choriambo,
871 3296 901 3345 et
921 3285 1080 3364 Pyrrichio,
1102 3283 1149 3344 vel

59 3378 177 3445 lamb0;
194 3382 236 3439 sic
249 3400 256 3439 ε

181 3508 225 3557 Sic
239 3517 263 3557 ie
275 3535 291 3544 -
300 3536 316 3545 -
337 3508 407 3558 Dies
420 3516 513 3573 potem
524 3533 600 3561 w
622 3509 701 3573 Cypri
713 3533 750 3559 υ-

95 3633 249 3694 Secundus
263 3654 332 3694 vero
347 3637 472 3714 quisque
488 3637 711 3697 Chorismbicus
732 3636 945 3715 Asclepiadem
970 3635 1149 3695 Testameter

58 3727 265 3787 Acutalectus:
288 3750 304 3788 e
327 3730 489 3808 Spondaeo,
508 3733 625 3792 duobus
643 3732 841 3804 Choriembis,
861 3743 891 3790 et
908 3728 1088 3810 Pyrrhichio‚
1102 3727 1148 3784 vei

61 3823 159 3854 ῘιῚΜιιΛ
171 3843 177 3854 Ι
195 3825 236 3854 ΛεΛ
249 3845 255 3854 Ι
