2408 4200
50 231 116 300 288
409 250 443 309 u.
466 245 624 297 nouerit
651 246 783 296 aaroni

179 388 327 455 Curatvo
341 391 471 472 myrtoi
494 408 595 472 quem
609 388 723 453 Venus
738 388 896 452 arbitrum

509 547 688 570 unumne

45 651 121 712 suada
130 647 252 712 mombar
261 649 326 698 Exc.
337 650 463 698 siun—25
475 651 550 699 Garat
561 664 588 698 re
600 654 678 712 myrto
689 647 766 697 scribi
778 646 842 708 ruit,
852 651 911 708 post
922 644 984 694 aiios
995 644 1141 708 nonnullos,

51 716 131 764 Burri.
144 712 186 761 iric
198 720 226 762 et
237 713 311 772 alius,
322 714 454 775 pertinere
465 714 533 762 enim
546 727 595 761 nou
608 714 640 761 ad
650 717 726 772 wat,
739 711 784 759 aad
796 710 828 759 ad
839 714 924 773 myrto.
944 710 952 736 ⁴
965 710 1063 758 Verum
1074 711 1141 772 quod

87 777 183 825 ''tarnm
194 776 301 825 liberior
312 791 371 824 usus
383 777 516 826 encliticas
527 792 570 840 qus
581 784 609 825 et
618 791 646 824 ae
656 790 725 838 sepe
737 777 820 822 alieno
833 772 968 836 vocabulo,
982 787 1031 822 non
1044 773 1089 833 iiii,
1099 773 1142 821 cni

69 853 83 889 e
104 839 173 903 ebat,
184 839 309 902 annectit,
327 853 377 888 nou
389 841 447 889 ideo
458 841 546 889 stetini
557 847 597 889 est
609 840 667 888 tuiis
681 839 781 888 novitas
794 836 958 886 inducenda?
973 837 1042 887 «1αηὶ.
1073 843 1140 886 rard

546 1001 651 1053 NOTAE

49 1115 76 1163 in
98 1112 331 1177 compotationibus
351 1120 479 1177 ungerent
498 1120 578 1177 caput
618 1112 768 1163 ebrietatem
787 1111 917 1176 impediri,
935 1111 1057 1176 quocirca
1072 1118 1143 1160 rete·

52 1197 164 1253 ueteres,
182 1191 327 1253 explicatur
339 1190 407 1253 apiid
420 1190 515 1240 Arnen.
529 1205 577 1240 xv.
618 1202 658 1237 res
670 1203 702 1239 co
712 1203 741 1239 se
751 1193 901 1238 coronarent
912 1189 938 1235 in
949 1185 1082 1236 conviviis.
1106 1187 1144 1236 At

52 1270 92 1315 lt.
104 1280 196 1329 nempe
208 1266 354 1329 quod‘rini
367 1268 416 1315 rim
429 1265 578 1316 imbeciiiio·
618 1271 765 1329 repugnant
793 1263 912 1313 Botanici
942 1263 1088 1311 Doctores:
1117 1258 1143 1309 id

50 1357 105 1391 rem
122 1341 178 1391 t'ore
190 1342 337 1398 crederent,
351 1342 372 1389 si
392 1356 423 1390 eo
438 1349 514 1403 pacto
527 1343 578 1391 rei·
618 1354 681 1391 vero
699 1339 800 1390 hedera
819 1339 932 1403 quidem,
951 1351 1001 1386 non
1019 1337 1077 1400 apio
1097 1336 1142 1386 tri-

50 1419 87 1466 nti
107 1417 267 1476 dilueretnr‚'
285 1420 334 1466 occ.
374 1417 416 1465 De
435 1425 578 1480 unguento·
618 1416 708 1466 bunut.

51 1507 106 1541 rurn
124 1493 185 1541 iuan
206 1492 364 1552 etmotiitie,
382 1492 450 1540 Piin.
471 1506 533 1540 xrrr.
552 1497 577 1541 ⁸.
650 1498 680 1542 ab
700 1492 775 1546 Queat
796 1490 874 1540 Venas
888 1490 1004 1539 arbitrata
1021 1489 1091 1539 Dicet
1109 1488 1145 1537 tn'-

51 1575 79 1614 et
106 1567 236 1616 Plutarch.
265 1566 457 1630 apophthegm.
481 1567 577 1615 Lacon.
617 1567 697 1629 berrii]
718 1565 1144 1626 Quiaeriterficrcomiriiitex,

50 1641 95 1688 ubi
117 1641 222 1689 scribit:
251 1640 453 1701 'Unguentnriia
479 1639 577 1687 aditum
614 1638 1020 1703 jncthencreointaiisfeiici?
1049 1640 1145 1688 Horat.

49 1717 151 1779 Sparte
170 1715 323 1778 praeclusum
347 1729 362 1761 a
385 1714 514 1777 Lycurgo,
532 1727 577 1761 un·
618 1730 637 1764 ι.
651 1715 702 1765 Od.
714 1720 737 1764 4.
750 1716 758 1742 ‘
769 1730 816 1764 nec
828 1730 906 1776 regna
918 1717 969 1762 vini
984 1715 1093 1763 sortiere
1107 1723 1146 1763 ta·

51 1799 198 1856 guerraque
211 1791 283 1839 velut
292 1792 466 1854 corruptelam
477 1796 505 1839 ct
519 1803 578 1853 per·
618 1789 664 1839 iin’
688 1789 757 1839 Vide
778 1798 806 1839 et
825 1804 883 1853 quaa
901 1789 937 1837 ibi
959 1791 1147 1839 annotavimus.

50 1866 579 1929 niciernomninoproscriptaatqneansan·
619 1865 660 1915 rid
687 1863 880 1927 intelligendum
908 1877 1008 1911 sensum
1040 1862 1146 1912 Horatii

51 1943 130 1992 data)
164 1943 228 1991 eret.
246 1941 356 2005 Rhodig.
376 1954 469 1989 xxvii.
488 1944 528 1989 24.
545 1955 578 1988 ca
619 1942 717 1991 duobus
729 1941 858 1990 irrisionis
869 1940 1020 2001 observa,i.
1033 1941 1059 1989 in
1075 1954 1145 1988 corn·

51 2018 225 2082 Xenophonte
236 2025 263 2066 et
281 2018 399 2081 Socrate,
414 2015 505 2080 refert,
521 2031 578 2066 cuni
620 2017 795 2080 potationibus
812 2025 928 2066 veterum
944 2018 1026 2065 creari
1042 2017 1146 2066 soiirurn

51 2094 165 2145 bellariis
174 2095 327 2160 coronisque
339 2095 365 2143 in
374 2092 499 2142 secundas
509 2107 578 2142 men·
621 2094 727 2156 Regem,
743 2107 758 2141 a
775 2107 825 2156 quo
845 2092 994 2155 poculorum
1007 2091 1074 2153 ieges
1086 2091 1146 2139 eiia-

51 2184 93 2219 aaa
106 2171 208 2218 venisse
221 2175 350 2233 unguenta
365 2166 507 2233 profligatis
518 2182 578 2218 con·
619 2185 669 2234 que
680 2171 706 2218 iu
717 2169 834 2218 conuiuio
851 2167 1009 2218 obseruanda
1029 2168 1146 2229 prescri-

52 2259 116 2308 grua
126 2245 238 2293 moribus
250 2254 328 2309 atque
339 2234 483 2308 impudicis.
619 2247 756 2295 berentur:
775 2260 832 2293 eum
851 2259 928 2307 porro
943 2242 1044 2292 Grtecis
1055 2245 1146 2305 appel·

83 2325 114 2370 28
134 2321 195 2376 Quis
205 2321 250 2368 ttdo
267 2321 429 2383 Depropernre
443 2320 505 2382 opit,
522 2322 576 2383 qo]
618 2325 696 2371 iatum
713 2319 902 2382 σνμποσίαρχαν,
915 2317 1026 2378 βασιλέα,
1044 2335 1145 2379 στρατη-

51 2395 92 2444 Ad
105 2395 228 2445 samnium
240 2397 310 2443 hnc:
323 2396 388 2446 Quis
397 2397 513 2459 protinus
525 2403 579 2442 tex·
618 2398 673 2460 γόν·
698 2397 796 2446 Latinis
817 2405 904 2445 autem
920 2396 1032 2444 convivii
1052 2396 1144 2443 Dicta·

51 2480 79 2520 et
91 2473 164 2521 nobis
177 2472 285 2521 corollas
305 2485 336 2518 εἰ
353 2472 411 2533 opio
428 2472 468 2518 vel
485 2477 578 2533 myrto,
619 2475 805 2535 torem‚Piaut.
818 2470 1146 2535 iiindiruperatorem,Var-

51 2547 143 2608 quibus
164 2562 197 2594 ex
218 2561 288 2592 more
306 2547 373 2591 inter
391 2545 481 2607 epulas
500 2554 579 2608 caput
619 2566 656 2598 ro.
668 2550 813 2609 Arbitrum,
827 2548 919 2596 Horat.
941 2547 1024 2608 Vulgo
1033 2546 1145 2594 convivii

52 2623 220 2668 exornemus?
250 2620 311 2680 Udo,
324 2619 479 2681 veirecenti,
488 2622 578 2682 relpo·
619 2625 780 2687 Magistrum,
792 2624 901 2684 Regem,
914 2624 1024 2682 Ducem,
1039 2621 1145 2684 Sympo-

53 2694 578 2757 tiusquodhumidisiniociscrcacitaffa·
619 2699 754 2746 siarcirunr.
791 2698 938 2759 strategum
968 2698 1046 2744 etiam
1079 2696 1145 2742 dirit

53 2773 98 2817 tim
111 2771 285 2831 etcniiigitur.
304 2769 346 2818 De
354 2778 436 2831 myrto
448 2787 467 2819 ι.
478 2772 528 2820 Od.
537 2777 578 2821 38.
619 2774 738 2834 Plautus,
746 2779 774 2822 ei
785 2774 967 2821 Dictatricem.
992 2775 1016 2818 2.
1034 2772 1145 2818 Consue-

85 2849 115 2891 24
134 2846 205 2906 Apio]
224 2846 290 2893 Ptin.
308 2858 355 2892 xx.
367 2849 406 2892 11.
424 2846 509 2906 ‘Apio
522 2862 577 2908 gra·
619 2856 673 2895 turn
686 2847 711 2895 id
723 2855 793 2896 corte
805 2847 870 2908 ficri,
882 2854 909 2894 et
921 2845 1023 2909 quidem
1038 2848 1145 2892 taiorunr

53 2918 90 2966 tia
103 2918 177 2981 vulgo
189 2919 263 2966 ineat.
296 2921 413 2981 Namque
426 2921 488 2967 rami
500 2922 577 2982 iargis
620 2923 659 2969 rei
673 2931 826 2970 tesserarum
837 2936 934 2969 summo
943 2922 1027 2982 jactu,
1042 2921 1084 2983 qui
1103 2920 1146 2967 Ve-

52 2994 211 3058 portionibns
228 3009 274 3057 per
288 2996 349 3056 jura
368 2995 495 3056 innatant,
506 3005 533 3042 et
552 2997 578 3044 iu
618 3012 662 3044 naa
672 2997 821 3045 dicebatur:
840 3004 946 3058 eratque
955 3010 1012 3042 curm
1026 2996 1070 3041 taii
1084 3011 1146 3056 qua·

52 3069 222 3119 condimentis
236 3069 392 3132 peculiarem
411 3071 518 3132 gratiam
535 3071 578 3118 ba·
620 3080 678 3119 tuor
696 3071 798 3119 diversa
814 3069 879 3120 facie
897 3070 1039 3118 cadebant:
1058 3070 1082 3117 in
1095 3076 1147 3119 tes·-

52 3147 125 3194 bent.
144 3146 231 3194 Honos
244 3148 290 3208 ipsi
309 3147 334 3193 iu
348 3147 443 3195 Achaia
455 3162 578 3195 coronare
619 3148 683 3195 seria
695 3154 780 3195 autern
792 3146 894 3210 qnando
907 3153 946 3194 ter
959 3145 1073 3194 senarius
1085 3162 1145 3194 con·

53 3224 164 3270 victores
191 3223 256 3269 sacri
284 3224 432 3270 certaminis
456 3223 579 3272 Nemera!
620 3223 746 3286 tingebat.
774 3222 1145 3284 Debisindispinraadi'er-

53 3298 119 3346 Haec
129 3299 271 3359 posteriora
281 3297 352 3345 addit
366 3299 432 3346 idern
443 3299 510 3346 Piin.
521 3312 579 3348 xix.
619 3301 649 3347 sii
658 3300 712 3348 Sat.
726 3314 751 3347 v.
764 3300 949 3348 annotavimus.
968 3300 1049 3347 Vetus
1062 3300 1144 3347 inter-

53 3376 77 3418 8.
103 3372 169 3418 Vide
181 3372 256 3418 Aiex.
269 3373 301 3417 ab
315 3372 389 3420 Alex.
401 3387 426 3420 v.
439 3377 462 3421 8.
487 3373 578 3424 Athen.
619 3377 874 3438 presbicitascribit:
893 3376 1145 3438 ‘'Apxrroninrsiqni·

53 3459 98 3493 xv.
112 3450 148 3492 10.
164 3447 231 3494 iuter
241 3444 317 3493 flores
335 3451 482 3496 coronarint
494 3451 577 3512 apium
618 3451 690 3512 ficar,
702 3451 728 3497 id
741 3457 788 3511 eat,
801 3460 955 3500 tesserarum
971 3454 1044 3515 jactu
1056 3453 1144 3501 datum

52 3521 89 3568 ita
101 3532 259 3570 recensetex
270 3525 442 3573 Piicrecrntc:
462 3526 470 3551 ‘
483 3528 538 3587 Age
551 3538 576 3574 tu
619 3528 644 3573 in
654 3526 764 3575 bibendo
777 3529 921 3590 primarum.
940 3529 962 3574 V
966 3529 1048 3575 encris
1060 3538 1144 3576 nutent

54 3598 96 3661 qui
110 3599 217 3644 mairam
229 3598 344 3658 intueris,
357 3599 518 3660 hyacinthum
527 3603 577 3662 api·
615 3604 704 3664 jactus
717 3604 859 3652 latissimus
878 3605 982 3664 dimum,
1001 3605 1044 3666 qni
1058 3619 1143 3651 munic·

53 3688 104 3734 ras,
127 3674 266 3720 nreiiiotnnr
288 3674 407 3736 loqueris,
437 3689 505 3721 rosas
528 3676 577 3722 dis·
620 3680 766 3727 runrirabot
784 3678 985 3727 tercenarium!
1013 3681 1062 3727 Ubi
1080 3691 1143 3726 care

53 3749 143 3796 tractis
159 3749 233 3797 labiis
253 3748 331 3810 rides,
348 3764 491 3797 amaracum
507 3766 578 3797 nscu·
619 3755 656 3800 ita
679 3756 757 3816 togas,
785 3768 817 3800 ne
844 3770 902 3801 vcro
923 3757 998 3817 maie,
1021 3753 1142 3801 tricennii-

52 3827 226 3887 laris,dimntn
237 3843 344 3891 corpore
355 3829 511 3891 apiumoies,
524 3844 579 3877 cns·
618 3846 666 3884 nm,
683 3845 739 3877 curn
758 3830 940 3877 insanientibus
955 3830 1073 3878 Librariis
1086 3827 1141 3890 qui·

53 3905 227 3952 mosanduium
245 3905 352 3965 incedis,
370 3904 578 3966 vinumaffirnde‚
618 3903 724 3951 busdam
750 3906 868 3967 arronis,
896 3902 1087 3966 Porpnyrionis,
1115 3912 1142 3951 et

54 3984 80 4020 ut
105 3982 217 4026 accinrna
241 3981 344 4028 tertium
367 3982 471 4039 Panna,
491 3989 519 4026 ut
540 3988 579 4026 est
620 3981 734 4028 niiururn.
759 3983 832 4031 erori
845 3983 941 4043 optime
953 3977 1031 4025 sensit
1042 3977 1141 4038 pridem

54 4050 260 4113 iegesancitum!
289 4061 352 4103 b'uru
368 4056 410 4118 qui
423 4055 578 4117 aquiodicant
620 4065 646 4103 ct
666 4058 777 4105 correxit
799 4058 943 4105 Hadrianus
965 4052 1065 4106 iunius,
1079 4053 1142 4100 Ani·
