2408 4200
61 259 127 323 212
423 274 457 332 q.
481 271 640 320 unnsou
666 271 798 320 scacos

192 415 222 477 Ο
239 413 343 476 decus
359 414 491 488 Phoebi,
507 422 540 477 ot
553 415 697 496 dapibus
713 414 859 495 supremi

190 512 294 577 Grata
310 515 447 578 testudo
462 515 484 577 J
487 516 572 590 ovis,
587 535 607 577 o
622 514 773 576 laborum
832 575 837 581 ,

190 614 298 678 Dulce
313 615 464 690 lenimen,
481 615 560 677 mihi
578 632 720 695 cumque
734 612 830 676 salve

446 713 524 776 Rite
539 715 683 776 vocanti.

56 900 208 963 conspicuam.
244 903 266 948 0
278 904 331 964 tyro
345 901 460 963 Apollinis
469 905 639 962 ornamentum,
650 901 779 963 mique
789 901 857 949 louis
874 903 939 964 epulo
949 900 1064 960 jocundo,
1075 913 1151 958 ose,o

57 978 214 1014 mutuorum
224 966 327 1013 leoomsn
337 979 407 1013 saooe
416 964 475 1012 milui
486 966 672 1026 quosquumque
682 963 738 1013 beas
747 966 879 1013 sumu.

520 1121 700 1141 nomenve

60 1237 170 1300 Cuniug.
206 1239 239 1285 Et
253 1238 333 1300 Lycen
344 1252 367 1292 η.
378 1251 400 1283 o.
412 1250 436 1282 s.
451 1236 480 1282 C.
497 1237 604 1283 decoram
620 1235 689 1297 conj.
707 1249 749 1296 ap.
765 1236 922 1286 tonsu-ts
940 1235 991 1283 Pro
1007 1240 1028 1282 et
1046 1236 1152 1295 dapibus,

59 1303 170 1363 Coning.
183 1303 280 1360 mallet,
298 1318 310 1348 o
328 1300 499 1361 dapibus-15
518 1300 606 1347 Bentl.
619 1301 685 1360 conj.
698 1300 867 1362 montemque,
878 1302 952 1358 solve,
968 1300 993 1347 b.
1004 1315 1027 1346 e.
1048 1300 1106 1345 mibi
1126 1307 1152 1346 et

58 1362 915 1488 ‘litt.·'tuttutttnt‘tlt‘mltlutbt‘t'ttttt‘“2
931 1366 947 1412 i·
961 1377 984 1410 ‘'
1003 1370 1149 1425 ”⁰¹¹¹”¹¹‘³’

553 1567 660 1616 NOTAE

93 1685 122 1728 13
142 1681 164 1726 0
176 1681 244 1727 decus
258 1677 351 1740 Pboelii]
369 1677 500 1726 Citbaram
518 1677 585 1726 enim
627 1684 713 1727 tenses
727 1693 783 1727 cum
799 1679 864 1742 lyra,
875 1693 930 1728 cum
942 1680 1032 1729 fistulis
1045 1690 1072 1729 et
1085 1681 1155 1730 tibiis

58 1757 115 1818 ipse
137 1755 233 1802 uicum
256 1752 398 1810 invenisse3
425 1751 504 1815 lyram
526 1765 586 1799 vero
628 1755 704 1817 Lydi,
716 1763 744 1804 ut
757 1757 848 1804 scribit
861 1757 1015 1805 Herodotus.
1042 1759 1154 1806 Exbaf,

58 1829 106 1876 sibi
123 1840 292 1877 concessama
303 1825 435 1874 Mercurio
446 1827 518 1874 velut
530 1840 587 1887 pru·
628 1832 696 1880 baris
708 1839 794 1880 autem
806 1834 880 1880 multi
899 1834 997 1895 legatos
1016 1834 1047 1880 ad
1065 1834 1151 1881 boatus

58 1905 139 1966 priam
151 1916 296 1964 usurpasse.
323 1902 398 1952 Quod
415 1900 496 1949 fusius
509 1915 587 1962 supra
627 1922 684 1955 eum
699 1907 768 1955 tibiis
786 1914 812 1955 et
829 1908 928 1956 citbara
943 1908 1059 1962 mittunt,
1071 1918 1098 1955 ut
1111 1923 1154 1956 eo·

59 1981 143 2028 monui
156 1979 207 2027 Od.
220 1993 246 2028 x.
628 1982 799 2031 runiinlestas
808 1990 907 2033 mentes
917 1985 1055 2031 emolliant.
1073 1985 1155 2032 Theo·

92 2057 201 2118 Dopibus
218 2056 319 2117 supremi
339 2056 417 2103 Grato
435 2058 527 2104 testudo
543 2057 586 2103 Jo·
628 2072 737 2120 pompus
752 2058 850 2106 Hister.
862 2058 904 2106 lib.
918 2072 992 2106 xnus.
1011 2059 1089 2106 trudit
1102 2060 1154 2106 Ge·

57 2132 107 2193 oia]
140 2132 213 2181 Jovio
236 2132 339 2193 epulum
363 2146 460 2180 summa
485 2132 587 2192 laetitia,
628 2141 711 2181 tarum
725 2135 824 2193 legatos
842 2134 953 2181 citharas
967 2135 1098 2194 pulsantes
1109 2135 1153 2182 ad·

58 2208 175 2270 adeoque
190 2221 238 2254 non
250 2208 304 2255 sine
319 2207 428 2256 Musis-te
441 2224 470 2258 ac
479 2210 584 2258 citharae
629 2207 732 2255 uenire!
751 2208 817 2255 Haee
829 2208 879 2254 ille.
896 2208 1003 2256 Constat
1015 2219 1087 2257 certe
1100 2226 1153 2257 mu-

53 2286 410 2348 jucunditatecelebmbatur,
423 2288 585 2336 Amemus,
627 2281 840 2329 sicismodulisac
859 2282 963 2330 cilliarae
983 2291 1060 2331 cantu
1080 2286 1152 2332 leniri

58 2365 83 2408 6,
96 2376 128 2409 εχ
142 2362 254 2409 Homero
267 2362 319 2408 2512
338 2363 484 2410 sepham„
496 2362 584 2421 epula.
628 2357 772 2402 anxietates
789 2355 875 2412 animi,
897 2370 927 2402 nc
945 2358 1037 2404 discuti
1056 2362 1152 2406 moesti-

57 2450 113 2484 rum
127 2438 220 2485 sociam
231 2452 245 2483 a
257 2437 311 2482 Diis
324 2434 418 2483 factam
429 2437 451 2481 ε’
465 2435 582 2495 quonium
627 2430 688 2475 tium
700 2446 705 2472 z
725 2436 797 2487 patet
815 2443 847 2476 ex
865 2432 945 2477 sactis
966 2432 1043 2478 etiam
1056 2433 1152 2481 codici-

56 2512 127 2557 utilis
140 2510 335 2557 convivantibus
349 2523 389 2555 ars
408 2509 516 2565 Musica,
530 2514 584 2554 tum
626 2502 680 2564 bns,
693 2508 704 2550 l
719 2504 783 2565 Reg.
796 2516 853 2552 xus.
869 2504 910 2551 nbi
922 2506 982 2552 Saul
996 2508 1061 2553 mulo
1075 2522 1150 2554 vexa·

57 2583 125 2645 quod
138 2585 335 2630 temulentorum
354 2584 522 2644 petulantiam
540 2583 585 2630 mi·
626 2589 666 2630 tus
688 2582 789 2642 spiritu,
810 2582 933 2630 citharam
958 2585 1074 2644 pulsante
1098 2589 1149 2633 Do·

56 2659 122 2720 tiget
141 2665 169 2704 et
185 2656 314 2713 collibeat,
339 2663 391 2703 tum
419 2658 485 2719 quod
506 2659 585 2706 tristi·
625 2657 694 2717 title,
706 2665 838 2704 recreetur
850 2672 878 2703 nc
892 2658 972 2705 levius
985 2660 1070 2709 babet.
1096 2663 1150 2709 Ηο-

57 2735 119 2781 tiam
141 2731 271 2790 discutiat,
293 2730 475 2792 liberalemque
503 2735 584 2793 puniat
625 2732 703 2778 ratim
718 2730 944 2792 Odepraecedeuti
963 2744 1093 2783 senectam
1106 2752 1150 2783 et·

56 2810 181 2857 laetitiam.
221 2809 387 2869 Qttapropter
412 2805 537 2853 Homerus
558 2808 582 2853 in
625 2814 700 2866 optat
712 2807 816 2853 citharae
837 2808 1026 2856 oblectamento
1039 2825 1088 2857 non
1107 2827 1149 2858 ca·

56 2884 139 2943 prima
152 2881 245 2938 lliade,
261 2890 319 2942 post
335 2880 495 2927 ambitiosam
514 2881 582 2928 illam
625 2888 732 2928 rentem.

55 2957 88 3004 de
100 2956 199 3004 Achille
216 2957 416 3013 contentionem,
434 2954 509 3016 fingit
525 2956 583 3003 Mu·
657 2955 772 3015 Cumque]
791 2957 1019 3017 Expletivnsolum
1030 2968 1055 3006 et
1068 2962 1149 3009 innuis

56 3031 109 3079 sica
127 3031 197 3077 Deos
218 3032 339 3088 recreari,
360 3030 479 3092 Apolline
502 3029 582 3077 eitlta·
624 3029 726 3076 vitietur
740 3031 891 3092 quibusdam
905 3034 1026 3080 istavox:
1045 3036 1147 3086 sednon

56 3120 110 3152 ram
121 3106 246 3165 pulsante,
259 3105 341 3151 illusis
351 3104 511 3152 autemdulci
521 3119 582 3153 soce
624 3112 697 3151 vacat
709 3114 809 3160 ornatu,
821 3120 928 3170 eumque
939 3122 988 3156 non
1008 3125 1066 3158 rnro
1078 3114 1150 3161 ailisi-

56 3179 248 3228 accinentlbns:
269 3188 295 3226 et
313 3180 389 3241 paulo
406 3187 463 3240 post
479 3179 583 3240 subjun·
624 3179 686 3227 bere
706 3182 798 3228 amauit
816 3190 905 3230 noster
921 3183 1004 3232 Poeta
1024 3200 1147 3250 nusquam

55 3255 101 3316 git.
125 3255 223 3316 priscos
240 3256 359 3301 statuisse
380 3256 491 3301 Deorum
511 3255 582 3315 hym·
624 3270 710 3303 vanus.
737 3257 778 3304 Sic
799 3258 903 3306 Terent.
925 3260 1081 3321 ‘adesdum'
1103 3280 1148 3325 pro

55 3330 392 3388 nosineonviviiscantnri,
414 3338 442 3376 ut
463 3344 581 3377 reveren·
623 3331 720 3379 ‘ades'
747 3332 789 3378 Sic
807 3335 854 3379 πῶς
874 3348 956 3394 neque
976 3336 1076 3383 Grecis
1101 3353 1147 3384 uec

55 3407 90 3451 tia
110 3403 238 3450 numinum
258 3406 385 3463 graviores
408 3404 501 3452 fierent
519 3421 581 3467 epu·
622 3407 678 3454 aliis
696 3409 817 3455 bacteuus
837 3409 955 3468 sepltuou
974 3412 1145 3460 existimatum

55 3480 161 3527 lantiunt
175 3492 265 3529 mores,
277 3484 325 3524 buc.
621 3489 668 3526 est.

89 3560 116 3600 15
136 3554 211 3600 Dulce
222 3551 333 3610 lenimen]
353 3552 446 3599 lltbeu.
464 3566 521 3598 mox
534 3553 578 3598 cit.
653 3554 733 3616 Soloe]
752 3555 861 3604 Videtur
879 3559 919 3606 bic
937 3561 1089 3621 significare,
1109 3576 1145 3607 sa·

54 3630 123 3677 ibin.
146 3628 308 3674 ‘Fortissimi
332 3627 433 3689 quinem
461 3629 580 3675 Lacedae·
621 3630 667 3676 luti
687 3631 729 3685 sis,
751 3630 818 3693 lave,
842 3634 951 3680 lenimen
974 3644 1000 3681 et
1023 3637 1141 3682 anutium

55 3705 130 3751 monii
141 3718 197 3750 cum
208 3704 268 3751 tibio
280 3701 327 3749 sub
337 3704 413 3763 siguis
424 3712 497 3750 sum:
517 3705 578 3751 Cre·
622 3714 724 3764 praesta.
