2408 4200
393 242 600 292 cirninum
625 240 696 290 ma.
719 243 769 289 ιν.
791 230 823 293 9.
1078 229 1142 298 dol

227 386 317 463 Non,
333 385 363 448 si
378 384 505 466 priores
521 381 689 447 Maeonius
702 387 794 446 tenet

228 485 335 548 Sedes
352 484 529 559 Homerus,
544 480 734 546 Pindaricos
750 483 866 558 intent,

268 583 413 666 Ceaeque
426 586 460 646 et
474 580 583 646 Alcaei
597 582 754 660 minaces,

309 683 552 765 Stesichorique
567 701 684 763 graves
699 682 882 747 Garamum.

53 844 140 893 obtinet
148 852 238 909 partes,
247 847 310 896 baud
320 845 416 895 obrem
427 851 463 895 est
473 845 547 918 Meso
558 845 669 907 Pindari,
681 845 818 908 Simonidis,
829 844 904 894 Alcen·
915 845 1023 904 minoris,
1033 858 1061 891 oe
1069 842 1143 891 Stesi-

54 1083 141 1131 Lamb.
160 1085 270 1133 rsoimdu
287 1085 367 1133 serem
387 1084 460 1132 Farn.
481 1083 605 1133 Lambini.
645 1082 711 1132 Post
729 1083 821 1130 edendis
840 1082 913 1129 coion
935 1085 1031 1142 ponunt
1052 1076 1141 1126 Lamb.

55 1146 132 1208 Crnq.
146 1146 235 1196 Heius.
247 1149 333 1196 Bentl.
344 1146 448 1195 Wakef.
460 1153 487 1194 et
500 1147 579 1195 Kidd.
597 1151 625 1194 et
644 1147 680 1194 sic
696 1146 823 1207 jungunt:
841 1145 849 1170 ⁴
863 1145 898 1193 Ut
910 1158 942 1191 ne
958 1141 1026 1192 forte
1038 1140 1141 1213 credes,

55 1209 191 1258 interitura
203 1211 394 1269 carminum,
409 1209 546 1270 intelligas,
563 1223 584 1257 s.
601 1210 700 1272 cogites
711 1209 796 1267 selim,
814 1220 873 1268 non,
887 1207 908 1255 si
927 1206 1054 1277 Homerus
1064 1215 1142 1276 ,prin-

53 1285 114 1334 ceps
126 1273 260 1333 politanum
272 1275 317 1333 sit,
326 1272 385 1321 ideo
397 1273 477 1321 latere
489 1272 639 1321 Pindsricss
650 1270 800 1325 Camenas:
808 1274 857 1318 tite.
877 1269 885 1297 ⁶
897 1268 948 1318 Sed
961 1268 1102 1329 simplicior
1113 1269 1142 1312 et

54 1335 208 1393 probabilior
229 1338 294 1386 ratio
311 1343 458 1385 ceterorum
475 1335 520 1398 qui
540 1342 662 1397 punctum
685 1343 743 1396 post
761 1333 854 1381 risendis
872 1338 1021 1391 posuerunt.
1056 1329 1098 1403 lta
1113 1334 1141 1401 et

52 1397 202 1447 Scholiasta
216 1399 271 1459 jem
283 1397 467 1461 interpretati!
483 1397 600 1446 duni-l
620 1397 726 1458 Ceiaeque
738 1397 848 1444 Feb-8
867 1395 991 1456 Turiensi,
1005 1393 1144 1466 Terncbers,

57 1460 194 1523 Terpsieori,
207 1462 363 1525 Terpsicbori,
371 1462 509 1522 Stsrsieori,
518 1460 662 1510 Stersicbori
674 1460 801 1508 variantes
813 1457 880 1521 apud
889 1457 960 1506 Juni.
984 1456 1142 1505 Stesichorum

540 1600 648 1652 ΝΟΜ

56 1709 116 1745 rore
130 1695 226 1758 pariter
236 1703 263 1745 et
273 1696 364 1746 fidibus
375 1697 498 1748 cauenda.
617 1698 713 1748 bellum
739 1696 887 1760 Troianum.
920 1693 1069 1757 Apollodor.
1094 1694 1143 1741 dac.

86 1776 100 1817 ὁ
119 1770 215 1830 Nessi
225 1772 386 1835 prioreslsa]
413 1774 471 1823 Etsi
483 1772 576 1837 primas
618 1773 671 1822 Cic.
690 1772 723 1821 de
741 1773 809 1822 Ciar.
831 1771 937 1821 Orator.
955 1769 1029 1818 ‘Etsi
1038 1766 1145 1817 Homeri

52 1844 150 1894 obtinet
168 1845 303 1902 Homerus,
321 1862 371 1897 non
387 1849 430 1898 alii
444 1857 528 1897 tamen
540 1850 575 1897 in·
617 1849 717 1894 incerta
739 1855 798 1894 sunt
820 1852 947 1905 tempora,
969 1850 1053 1891 tsmeu
1071 1842 1144 1891 annis

55 1920 476 1984 gloriiqnipostilinmscripsere.
509 1921 576 1968 Vide
618 1919 705 1966 multis
730 1917 780 1964 fuit
799 1924 860 1964 ante
885 1917 1017 1963 Romulum
1029 1916 1046 1962 :'
1064 1922 1090 1964 rt
1112 1916 1144 1963 de

53 1995 122 2044 Geli.
134 2001 226 2046 trull.
243 1998 288 2045 ubi
307 1995 388 2044 refert
404 1994 576 2041 dubitatum·
620 1989 695 2037 Orat.
713 2003 737 2036 n.
761 1993 816 2037 lde.
840 1988 1028 2047 ‘Pisistratus,’
1051 1989 1144 2051 inquit,

53 2070 139 2118 multis
151 2079 209 2118 uter
226 2077 302 2118 aetate
320 2069 398 2129 prior,
416 2064 578 2116 Hesiodium
616 2063 742 2113 ‘Homeri
764 2063 843 2113 libros
866 2071 942 2112 antes
962 2060 1084 2112 confusos
1106 2063 1143 2111 air

54 2155 85 2188 an
103 2143 241 2202 Homerus,
259 2147 286 2189 et
299 2153 368 2188 χιιι.
380 2144 421 2188 tt.
433 2139 524 2188 asserit
535 2154 578 2188 eos
616 2137 770 2200 disposuisse
780 2139 885 2199 dicitur,
893 2146 920 2186 nt
929 2152 995 2185 nnnc
1005 2136 1145 2186 babemus?

54 2219 158 2262 etatem
179 2214 252 2263 simul
269 2214 362 2278 egisse,
378 2216 418 2264 sel
437 2215 578 2264 Homerum
617 2212 726 2263 Quintil.
740 2225 768 2262 x.
779 2214 801 2260 l.
815 2220 842 2260 ut
853 2201 937 2260 dusiis
948 2210 1094 2260 ett‘ontibus
1106 2211 1144 2259 in-

54 2289 185 2349 aliquanto
197 2302 253 2338 esse
264 2289 443 2353 antiquiorem.
616 2285 691 2334 itium
701 2284 747 2335 dat
759 2285 888 2340 Oceanus,
902 2285 939 2332 sic
957 2285 1072 2332 omnibns
1089 2285 1142 2333 elo-

85 2364 214 2426 Moeoniss]
232 2363 435 2413 Moeonisfilins:
455 2365 578 2414 reinerus
617 2360 728 2423 quentia
753 2360 867 2424 partibus
889 2360 1033 2420 exemplum
1056 2366 1084 2406 et
1103 2373 1143 2407 or-

53 2439 79 2486 io
90 2437 254 2488 Maeoniareu
264 2438 460 2500 Lydia‚scilicet
470 2453 484 2487 e
493 2439 579 2501 Smyr·
618 2441 672 2483 tum
684 2435 757 2484 dedit
771 2436 908 2483 Honierns.
925 2431 1041 2491 ‘Nemi'
1053 2431 1146 2495 iniusti

52 2528 86 2562 na
103 2514 184 2563 urbe:
198 2529 342 2580 qumquam
363 2516 483 2579 ‘Septem
499 2517 575 2565 nrbes
618 2511 734 2573 ‘mugnis
745 2512 772 2559 in
784 2509 859 2558 rebus
870 2508 1036 2562 sublimitate,
1049 2508 1074 2555 in
1085 2521 1144 2568 par·

52 2593 153 2634 certant
172 2587 205 2635 de
227 2591 307 2651 stirpe
329 2590 437 2652 insignis
459 2591 576 2654 Homeri,
618 2585 656 2633 vis
668 2586 827 2649 proprietate
835 2586 904 2634 ilium
912 2584 1051 2646 superavit.
1070 2583 1143 2632 idem

52 2662 172 2719 Smyrna,
184 2662 296 2719 Rhodus,
305 2664 575 2724 Colophon,Salamin‚
618 2659 693 2709 letus
704 2676 735 2710 ac
748 2675 859 2724 pressus,
866 2660 999 2723 jucundus
1013 2666 1040 2708 et
1050 2660 1144 2721 gravis,

55 2733 141 2789 Chios,
153 2733 245 2795 Argos,
260 2734 387 2783 uenena:
620 2746 672 2786 tum
692 2739 838 2800 copiatum
857 2738 985 2787 brevitate
1004 2735 1145 2796 mirabilis,’

86 2811 103 2854 d
120 2806 249 2867 Homerus]
267 2807 481 2869 Hicingeniornrn
491 2815 518 2858 et
527 2824 579 2858 om·
618 2811 666 2857 &c
698 2811 795 2860 Quanti
817 2810 915 2860 faceret
938 2811 1045 2859 Homeri
1064 2824 1145 2872 opert

53 2880 92 2927 nis
104 2879 229 2930 doctrines
241 2879 399 2930 fonsdioms.
413 2883 453 2931 De
462 2898 512 2945 qno
521 2882 579 2932 vids
619 2881 768 2930 Alexander
786 2883 906 2944 Magnus,
922 2886 1026 2947 egregie
1044 2887 1144 2934 Plinius

53 2954 167 3017 suidam,
186 2959 234 3004 dre·
267 2955 420 3004 Plutarchus
436 2956 525 3005 scribit
535 2970 579 3005 uo·
619 2955 847 3018 explicatores.
880 2957 946 3005 Vide
960 2968 987 3005 et
999 2960 1063 3007 coel.
1075 2960 1144 3008 Rbo-

54 3044 133 3078 mena
144 3030 263 3079 cecitate
271 3031 383 3078 Homero
391 3029 580 3095 inditumque·
620 3029 672 3092 dig.
684 3042 742 3078 xiv.
754 3034 776 3078 l.
790 3031 832 3077 ubi
844 3030 910 3078 inter
919 3032 1037 3079 mulieres
1046 3032 1144 3081 doctri·

14 3123 17 3127 ⁴
54 3103 271 3152 niamsCumoeis
284 3110 311 3153 et
322 3103 428 3152 ionibus
444 3103 525 3167 ὅμηροι
537 3119 580 3153 ro·
621 3118 654 3152 na
665 3105 778 3154 celebres
790 3113 907 3153 numerat
922 3107 1058 3167 Daphnem
1071 3108 1143 3156 Tire·

54 3187 146 3226 cantur
156 3179 198 3240 qui
210 3180 291 3227 oculis
303 3179 374 3241 eapti
385 3186 453 3240 snut,
469 3179 579 3244 eoquod
619 3178 663 3225 siae
683 3177 760 3227 tiliam
780 3179 848 3241 spud
869 3180 984 3242 Delphos
1004 3181 1145 3231 condendis

54 3252 579 3315 egeantductoribnmlpnpevdrrev:aliam
619 3253 734 3301 versibus
755 3254 955 3315 praecellentem.
975 3254 1041 3304 uude
1064 3256 1144 3305 multa

54 3338 156 3388 quisque
171 3327 351 3387 etymologiam
363 3327 458 3377 ibidem
471 3326 578 3391 profert.
619 3327 651 3376 ad
674 3328 712 3376 sui
741 3328 865 3390 poematis
892 3331 989 3378 cultum
1017 3330 1144 3381 Homerus

54 3398 180 3447 Herodot.
193 3398 239 3446 lib.
252 3412 283 3448 rr.
297 3401 332 3448 ait
349 3401 488 3451 Homerum
505 3403 579 3450 annis
619 3403 781 3451 transtulisse
791 3403 912 3453 creditus.
946 3405 1144 3455 Ceterumrelut

53 3480 115 3521 ante
126 3487 153 3520 ss
169 3474 359 3535 quadringentis
375 3476 502 3525 extitisse.
517 3477 577 3526 Cor·
618 3478 715 3526 numini
728 3475 829 3525 cuidem
841 3478 918 3526 etiarn
936 3476 998 3527 sans
1009 3486 1036 3527 et
1046 3481 1142 3529 sacella

54 3549 104 3595 uel.
116 3548 205 3609 Nepos
218 3547 311 3596 Cbron.
327 3554 355 3595 et
370 3548 440 3596 Gell.
452 3561 521 3596 xvir.
538 3554 579 3599 21.
619 3553 732 3601 Homero
752 3550 831 3601 fnisse
843 3561 932 3602 erecta
944 3553 1028 3601 multis
1041 3554 1066 3601 in
1079 3554 1142 3603 iocis

54 3623 158 3685 aliique,
169 3622 242 3670 annis
254 3629 314 3669 ante
327 3623 435 3671 Romam
447 3624 579 3673 conditam
619 3633 728 3681 constat,
740 3634 768 3673 ut
784 3625 910 3689 Smyrnae,
928 3626 1103 3688 Alexandria,
1115 3633 1143 3675 et

54 3704 156 3744 sentum
179 3705 205 3745 et
224 3696 379 3759 sexaginta:
408 3699 504 3760 pariter
526 3707 578 3748 vet.
620 3701 689 3748 slibi.
1042 3721 1045 3729 ·

53 3769 136 3817 Sobel.
147 3769 267 3820 Juvsml.
280 3771 311 3819 ad
325 3772 378 3821 Sat.
393 3777 491 3823 rudi.
525 3775 577 3822 Alii
651 3773 799 3836 Pindaricae]
809 3773 849 3822 De
862 3773 976 3822 Pindaro
986 3771 1042 3820 fuse
1055 3786 1142 3834 supra,

55 3843 136 3892 aliter.
169 3843 210 3892 Ad
230 3860 317 3894 verum
335 3847 460 3896 accedere
471 3850 577 3911 propius
618 3847 669 3896 Oti.
682 3852 705 3897 2.
717 3850 789 3910 liujus
799 3847 868 3896 libri.

55 3915 182 3976 videntur,
196 3920 239 3980 qui
255 3921 380 3978 scribunt,
397 3920 515 3971 floruisse
526 3923 576 3971 cir·
648 3924 663 3968 ‘l
683 3921 792 3983 Ceoeque]
821 3919 963 3968 Simonides
981 3919 1058 3966 Ceius
1073 3920 1142 3969 Pau·

54 3994 120 4040 riter
131 3992 201 4040 annis
218 4000 321 4041 centurn
339 3997 507 4058 quadraginta
519 4006 577 4059 post
617 3999 696 4048 sanie
708 3998 920 4047 Lecodaemonum
936 3997 1052 4060 Principi
1067 4000 1142 4049 ralds
