2408 4200
382 271 585 320 ornuruuu
612 272 685 319 ιιιι.
709 272 748 318 ιι.
769 256 803 321 2.

180 409 298 495 Crispo
313 412 464 488 Sallusti,
479 413 544 475 nisi
561 421 747 495 temperato

434 512 619 595 Splendeat
633 533 707 576 usu.

179 611 284 677 Vivet
298 621 437 677 extento
455 613 652 677 Proculeius
668 634 740 679 aevo

181 715 295 778 Notus
311 716 345 777 in
360 714 477 778 fratres
493 714 590 776 animi
608 715 733 795 paterni
749 737 756 778 :

52 892 118 942 tuter
127 893 197 942 allum
204 894 357 956 wadum,
368 895 417 942 risi
434 909 477 943 ssu
488 896 584 956 fulgeat
598 897 724 944 mederum.
758 895 897 944 Proculeius
907 897 997 958 uigebit
1007 902 1077 946 oetote
1086 912 1140 959 pro·

53 965 144 1019 rogato,
154 959 290 1018 conspicuas
300 958 328 1006 ob
338 959 443 1007 orimum
458 973 516 1018 ergo
525 959 619 1019 fratrer
629 965 767 1021 puternssnr:
782 959 849 1007 illum
862 959 930 1018 foma
946 964 1054 1022 pereurris
1073 961 1140 1009 cebet

510 1085 687 1104 ΟΜΟΝΝΝΙ

54 1167 92 1215 ire
108 1181 124 1216 e
140 1168 258 1228 vulgetur
279 1168 311 1215 N.
321 1172 419 1228 argemo
429 1183 451 1215 e.
463 1173 499 1216 ert
516 1167 595 1215 noodr
606 1168 637 1215 A.
647 1167 719 1215 terris
729 1199 735 1213 .
746 1201 752 1215 .
763 1201 770 1214 .
780 1167 826 1214 uiri
837 1172 965 1229 temperato
976 1167 1027 1229 Spl.
1038 1183 1062 1216 a.
1088 1169 1141 1217 Sed

53 1231 109 1291 quir
117 1230 193 1294 jubet
205 1245 263 1279 euru
275 1230 312 1278 ita
323 1231 497 1294 conjungere?
526 1230 635 1279 Interim
647 1230 701 1292 ejus
711 1232 857 1292 exemplum
871 1231 953 1279 secuti
963 1232 1057 1280 Venet.
1067 1235 1140 1280 1590.

53 1294 143 1343 Barth.
154 1293 263 1342 Adsero.
276 1306 376 1343 xxxvl.
387 1298 426 1342 lt.
443 1295 562 1343 Torrent.
574 1293 682 1343 Cbsbot.
701 1293 791 1342 lleirrs.
807 1295 885 1354 Rutg.
902 1295 1026 1355 Desprer.
1045 1295 1141 1343 Dscer.

53 1357 140 1406 Joner.
150 1365 178 1405 et
189 1358 305 1418 plnrirnae
318 1357 396 1407 editt:
404 1364 514 1407 recentt.
525 1358 603 1406 etiam
613 1359 680 1406 Sivr.
707 1358 845 1419 Vulgatam
856 1358 1003 1418 lectionem,
1012 1359 1142 1420 antiquam

54 1421 132 1479 illam,
144 1428 171 1468 et
182 1435 238 1483 quas
250 1420 374 1481 optimum
385 1434 488 1469 sensum
507 1420 617 1482 praebet,
634 1419 777 1469 defenduut
794 1420 910 1483 inprimis
922 1422 1001 1484 Cruq.
1018 1422 1104 1470 Bentl.
1116 1429 1144 1471 et

53 1484 147 1532 Sanad.
158 1497 265 1547 eamqrre
278 1485 438 1534 retinuerunt
451 1485 528 1533 etiarn
547 1487 659 1546 (prester
673 1483 747 1533 editt.
761 1492 824 1533 vett.
837 1492 896 1532 ante
912 1484 1016 1547 humb.)
1035 1486 1137 1533 Fabrie.

53 1548 81 1595 T.
93 1547 156 1595 Fab.
169 1548 258 1608 Steplr.
270 1548 334 1596 Cnu.
346 1556 372 1596 et
386 1550 463 1598 Baxt.
481 1548 561 1596 obdito
573 1548 644 1596 terris
651 1563 662 1604 ,·
674 1548 768 1595 inimico
778 1549 856 1596 lomna
868 1556 907 1595 est
919 1548 1019 1596 entend.
1034 1549 1082 1597 Ge.
1095 1549 1142 1596 Pa·

56 1610 119 1659 bric.
132 1618 229 1672 etpost
241 1625 298 1659 euru
310 1626 392 1673 nuper
405 1613 500 1661 Anton.
514 1613 613 1660 Birrius
623 1611 736 1674 Speeim.
750 1610 882 1660 Aninrsdr.
895 1610 988 1660 Horat.
1021 1612 1072 1659 Sed
1084 1613 1143 1660 doe·

52 1675 106 1722 tior
117 1682 144 1723 et
160 1675 280 1723 Sallustio
292 1677 388 1734 gratior
404 1675 524 1740 vulgata!
541 1676 610 1737 Just,
643 1675 739 1723 struo
756 1676 826 1723 terris
845 1674 940 1724 babent
956 1675 1033 1723 etiarn
1046 1677 1142 1724 Vener.

55 1742 124 1786 lustr.
142 1739 171 1788 R.
183 1739 270 1799 Stspb.
284 1740 367 1788 Bond.
380 1741 510 1789 Sobrerel.
525 1747 552 1788 et
569 1739 670 1787 Minell.
703 1738 791 1786 Abdito
803 1738 874 1787 terris
891 1738 964 1786 Harl.
979 1744 1000 1786 t.
1013 1742 1037 1785 2.
1049 1743 1073 1786 3.
1083 1744 1107 1788 l.
1119 1745 1143 1788 5.

53 1805 78 1850 6.
97 1802 174 1850 Brod.
184 1803 289 1851 Mitsclr.
300 1804 406 1865 Bipont.
417 1803 529 1852 Wetnel.
541 1803 630 1851 Comb.
641 1800 745 1850 water.
756 1809 782 1849 et
796 1801 874 1849 llidd.
898 1802 963 1849 Post
975 1803 1047 1849 terris
1058 1803 1144 1849 Bentl.

55 1866 161 1913 missen.
173 1875 200 1914 st
213 1866 294 1914 Kidd.
314 1876 437 1927 punctum
457 1874 557 1929 ponunt
569 1867 646 1928 vulgo
658 1865 754 1913 dietum
768 1865 915 1911 semicolon.
950 1866 1055 1912 Plurimi
1067 1865 1143 1913 codd.

56 1929 123 1989 apud
135 1929 239 1976 Marcii.
261 1929 347 1977 Pulrn.
359 1934 381 1977 1.
393 1934 417 1978 2.
438 1930 507 1991 Lips.
523 1935 545 1977 l.
563 1931 616 1982 ulii,
635 1931 702 1976 lomoe
716 1930 755 1976 uel
769 1929 869 1975 lommae.
903 1927 998 1975 Eadem
1009 1928 1143 1976 diuersitas

57 2001 97 2038 est
109 2004 126 2039 ι.
143 1992 226 2051 Epist.
239 1995 279 2039 15.
292 1996 379 2040 36.-6
397 1993 450 2041 Alt.
462 1999 485 2042 l.
507 1999 602 2042 extem
613 1993 645 2041 P.
654 2007 710 2040 oeao.
744 1991 851 2039 Mentel.
865 1992 1049 2039 Procedens-6
1066 1993 1143 2039 Bart.

56 2054 200 2115 distinguit,
213 2055 439 2118 Notsulsfrotres,
449 2060 489 2121 tro.
501 2057 664 2120 improbante
676 2054 692 2104 J
696 2056 736 2104 ani
748 2070 755 2116 ;
768 2062 795 2103 et
807 2056 842 2103 ita
853 2060 936 2104 tamen
947 2053 1047 2105 Wakef.
1058 2055 1110 2104 Alt-
1120 2059 1144 2106 b.

547 2189 654 2239 NOTAE

56 2295 101 2328 serr
120 2288 207 2330 errrsts
225 2282 299 2330 exilis
318 2297 351 2331 ex
373 2298 443 2345 suro,
464 2291 581 2347 argento,
621 2283 734 2346 equestri
747 2290 830 2331 ortum
842 2283 898 2331 loco
911 2282 940 2331 C.
956 2280 1092 2329 Sallustius
1107 2295 1145 2328 re·

55 2354 138 2404 aliove
157 2357 271 2406 metallo:
292 2359 396 2420 ponitur
413 2359 454 2409 lric
472 2374 519 2422 pro
537 2374 581 2422 pe·
621 2372 676 2405 rum
691 2358 862 2406 Romanarum
878 2355 1070 2405 florentissimus
1087 2369 1145 2403 aue·

56 2430 140 2478 cunis.
158 2431 223 2480 Sunt
233 2431 276 2494 qui
289 2439 380 2494 putent
391 2433 469 2481 alludi
482 2433 513 2481 ad
524 2435 532 2459 ⁴
544 2449 580 2482 res
621 2432 766 2482 torsororls
783 2438 903 2495 nepotem
922 2433 947 2480 in
970 2445 1061 2478 nornen
1082 2431 1147 2479 asci-

56 2502 234 2552 Sallustianum
258 2507 282 2553 in
306 2507 463 2556 Ceutronum
486 2507 581 2570 Alpino
623 2507 677 2555 uit.¹
703 2507 872 2569 Hrmcigitnr
887 2506 1146 2568 larulutquodarari-

57 2578 161 2639 trsotu‚'
174 2595 189 2626 a
200 2581 320 2630 Sallustio
332 2583 441 2645 primum
453 2581 581 2631 effossum.
623 2581 666 2629 tite
688 2583 777 2629 sordes
799 2590 945 2641 auersetur;
975 2581 1085 2629 solerter
1104 2595 1147 2627 au-

57 2653 124 2702 Plin.
135 2666 236 2702 xxrrv.
246 2658 271 2702 2.
287 2654 433 2717 Argentum
447 2659 471 2704 in
483 2657 582 2706 laminis
624 2663 684 2717 tem,
694 2658 842 2716 occuritque
852 2659 922 2706 velut
933 2657 1003 2704 aliud
1015 2669 1092 2716 agens
1103 2655 1147 2702 do·

56 2727 153 2774 serrari
168 2728 265 2789 pridem
283 2731 394 2791 solitum,
412 2731 494 2780 innuit
504 2732 582 2781 Sene·
622 2739 664 2780 eet
676 2731 757 2796 (quod
770 2730 835 2780 infra
845 2731 960 2791 declaro)
976 2743 1008 2776 ne
1020 2730 1147 2789 impingat

59 2815 100 2858 ca,
112 2801 144 2849 de
155 2801 215 2850 Vita
227 2802 318 2866 Beata,
328 2819 385 2866 cap.
401 2808 581 2857 inscribens:
623 2806 647 2854 iu
665 2807 769 2870 majoris
790 2806 908 2854 avrinculi
928 2805 996 2852 vitis.
1030 2803 1057 2851 Is
1069 2804 1147 2865 enirn,

57 2877 204 2925 ‘Saeculum
223 2878 294 2941 illud,
318 2880 343 2927 in
363 2896 412 2944 quo
433 2882 581 2933 Censorium
622 2883 689 2930 inter
701 2883 760 2941 alla,
772 2889 801 2928 ut
814 2881 895 2940 lurco,
906 2880 1043 2942 popino,et
1056 2878 1148 2927 decoe-

57 2953 230 3014 eumenem,
243 2969 331 3015 pauore
342 2959 442 3018 argenti
456 2958 582 3009 lumerto!
622 2963 662 3003 tor
672 2963 784 3003 notatus.
812 2955 878 3001 Vide
893 2957 998 3002 Sueton.
1011 2954 1043 3000 de
1052 2953 1148 3000 lllustr.

89 3031 103 3073 8
132 3029 214 3089 Crispe
235 3027 348 3090 Sallusti]
382 3032 412 3078 C.
433 3034 582 3080 Sallustium
623 3031 861 3086 Gramm.cap.15.

58 3100 174 3161 Crispum
188 3115 270 3148 rerum
292 3104 460 3150 Romanarum
472 3107 584 3164 Scripto-
656 3108 670 3147 5
692 3100 761 3147 Vivet
772 3102 866 3145 extento
880 3098 1016 3145 Proculeius
1026 3113 1085 3159 ceco,
1096 3102 1147 3163 tre]

61 3188 113 3220 rem
133 3175 284 3222 intellexere
294 3176 418 3221 hacteuus
430 3189 517 3223 omnes
529 3175 584 3224 t'ere
626 3173 763 3234 Nunquam
781 3171 875 3232 peribit
888 3179 931 3218 aut
943 3170 1046 3218 deliciet
1057 3186 1149 3221 memo·

60 3254 121 3311 post
144 3249 271 3297 Aaronem
294 3249 472 3310 Interpreter:
498 3264 585 3298 verum
627 3245 723 3293 riariri
735 3244 889 3294 liberalitate
901 3252 927 3294 et
943 3246 1148 3308 pietateconrpi·

60 3324 125 3370 bene
135 3324 284 3372 'l'orreutius
302 3334 445 3387 temporum
464 3326 531 3377 lrsud
547 3342 585 3376 ra·
627 3325 683 3386 cui;
699 3325 780 3389 qualis
795 3325 955 3386 Proculeius,
967 3327 1010 3375 ille
1020 3328 1148 3375 Romanus

61 3398 157 3445 tionem
185 3399 320 3446 conuenire
343 3399 511 3450 subodoratus
536 3410 583 3451 est.
624 3404 719 3468 Eques,
739 3403 855 3466 Augusto
871 3405 907 3452 sic
927 3405 1063 3467 gratiosus,
1080 3411 1108 3450 ut
1125 3404 1149 3451 ei

60 3473 199 3520 Enimvero
226 3471 258 3519 de
282 3474 402 3523 restituto
428 3478 453 3524 in
478 3492 584 3541 regnum
623 3477 699 3527 tiliam
712 3481 802 3540 nuptui
815 3477 877 3526 dare
891 3480 1028 3527 meditatus
1040 3479 1083 3526 sit.
1106 3480 1152 3525 So·

61 3546 173 3593 Phraate
184 3560 244 3592 mox
256 3547 394 3608 Horatinr;
410 3552 476 3614 quod
486 3554 584 3616 aliquot
624 3569 705 3604 rorent
724 3554 814 3602 babuit
829 3554 978 3602 Terentiam
999 3553 1150 3600 Maeceustis

61 3629 120 3683 pust
133 3621 265 3668 rictiacum
277 3622 409 3671 victoriam
423 3627 492 3673 annis
504 3629 584 3676 conti·
624 3645 745 3678 uxorem:
764 3629 859 3677 iratres
870 3638 954 3678 sutem
966 3630 1112 3691 Scipionem
1123 3636 1150 3678 et

62 3697 108 3760 git.
134 3696 193 3745 Non
208 3696 287 3757 igitur
298 3696 394 3760 scripta
406 3708 445 3748 est
460 3701 514 3749 brec
526 3702 585 3751 Ode
625 3704 770 3762 ltlurenam,
800 3704 843 3765 qul
870 3704 1041 3765 Pompeianas
1068 3708 1150 3756 secuti

62 3771 93 3819 ad
111 3772 180 3819 illum
193 3771 348 3834 Sallustium,
359 3774 401 3836 qui
419 3773 506 3823 ‘diem
519 3776 586 3825 obie-
626 3789 722 3841 partes,
735 3778 839 3826 victoris
857 3778 967 3824 cansam
985 3778 1149 3832 offensionem

63 3853 102 3892 rst
118 3844 285 3908 quadriennio
302 3853 362 3895 ante
381 3848 513 3897 Actiacum
531 3851 585 3898 bel·
625 3855 798 3913 luminarunt,
808 3851 989 3913 publicatoque
1000 3854 1149 3913 patrimonio

64 3918 133 3979 Ιιιιιι,’
144 3928 210 3970 teste
224 3921 334 3970 Eusebio
346 3922 370 3969 in
383 3922 476 3972 Ctrrorr.
503 3927 585 3976 Quem
626 3929 659 3975 ud
679 3927 792 3988 inopiam
812 3923 918 3971 redacti.
945 3926 980 3974 At
1001 3928 1150 3982 Proculeius

65 3991 144 4053 igitur
161 3995 202 4043 lric
221 3997 359 4059 compellat
378 3996 518 4046 Horatius?
536 4000 587 4049 Ae·
627 4003 696 4050 iisse
709 4001 780 4046 uelut
793 4005 891 4060 patrem
907 4000 1040 4066 exbibens,
1058 4009 1150 4060 divisa,

66 4067 124 4131 cipe
136 4082 169 4116 ex
183 4070 266 4122 Tacit.
278 4072 369 4123 Annal.
386 4086 430 4123 ιιι.
448 4075 587 4139 ‘Crispum
627 4090 684 4139 quae
699 4088 745 4123 sua
757 4081 822 4135 erat,
832 4073 992 4130 haereditatis
1004 4092 1085 4146 parte,
1101 4093 1151 4145 qua
