2408 4200
364 242 571 292 csaurnuu
596 243 668 293 ura.
692 243 748 292 ιιι.
769 229 822 295 23.

227 383 329 461 Nam,
344 403 419 467 quae
433 385 535 448 nivali
550 384 698 467 pascitur
712 383 836 468 Algido

227 485 362 549 Devota
376 503 516 567 quercus
531 484 616 549 inter
628 492 663 549 et
676 485 783 563 ilices,

268 584 337 649 Aut
351 586 473 649 crescit
487 584 630 651 Albanis
646 589 679 650 in
697 587 809 651 herbis

311 684 473 762 Victima,
491 687 682 768 pontificum
698 707 831 752 secures

225 785 366 851 Cervico
382 789 503 868 tinget:
526 793 557 850 to
571 788 652 852 nihil
667 789 788 852 attinet

210 885 368 951 v'l'entnre
384 886 488 951 multa
503 887 598 951 caedo
612 887 797 952 bidentium

268 986 397 1050 Parvos
412 993 624 1050 coronantem
639 989 767 1052 marino

312 1085 404 1151 Rore
421 1086 517 1150 Deos
531 1086 706 1170 fragilique
721 1095 837 1170 myrto.

55 1274 119 1332 netu,
133 1286 184 1334 qaue
198 1272 225 1319 irs
235 1270 327 1333 Argiua
341 1271 422 1319 nitroso
437 1271 549 1320 edueuttu
560 1271 730 1333 intercurrens
746 1277 770 1321 et
787 1274 852 1321 ilices
868 1273 905 1322 tel
921 1272 1004 1321 erescit
1015 1273 1042 1320 is
1052 1269 1144 1321 Alluac

53 1335 169 1394 gramine,
177 1336 265 1385 cultror
274 1335 416 1398 Pontificum
426 1335 484 1383 cello
495 1335 591 1384 imum.
619 1336 652 1384 Te
663 1350 716 1383 cero
726 1336 788 1384 Deos
797 1337 897 1397 exiguos
906 1351 960 1383 rore
968 1336 1059 1383 murirm
1067 1335 1144 1382 terrai·

54 1413 96 1458 que
107 1404 183 1462 myrto
193 1404 340 1448 coronantem
350 1399 410 1449 nitu
421 1397 493 1458 jecut
503 1398 623 1446 solicitare
635 1399 735 1460 marimo
751 1413 833 1448 cruore
842 1400 963 1462 pecudum.
995 1399 1052 1447 Etri
1062 1410 1144 1446 musas

53 1617 122 1666 stat.
134 1618 201 1681 sylv.
214 1634 233 1669 ι.
244 1624 268 1670 3.
280 1626 305 1671 8.
322 1629 352 1673 ut
368 1623 466 1672 ‘teneri
483 1630 600 1686 tempora
612 1621 691 1686 anni,’
708 1622 824 1672 Martini.
837 1635 875 1671 rx.
888 1624 927 1670 lt.
940 1625 1014 1670 1.-o
1031 1621 1142 1684 Franeq.

54 1688 81 1729 et
101 1681 171 1742 bins.
188 1687 212 1732 ι.
226 1698 241 1734 a
253 1700 286 1733 m.
298 1699 337 1748 pr.
346 1687 454 1749 parcitur
463 1685 621 1737 Alcida-ll
642 1688 765 1738 Nonnulli
777 1687 853 1736 codd.
874 1692 942 1735 teste
961 1685 1027 1734 (leo.
1039 1684 1142 1733 Fabric.

54 1744 239 1797 intortis-12
257 1749 331 1800 Harl.
344 1755 366 1801 1.
383 1751 520 1800 Prrlmanni
536 1751 624 1800 Hunn.
635 1750 693 1800 cod.
706 1750 793 1800 (iiten.
810 1750 869 1799 lud.
880 1751 956 1798 ercr.
967 1764 992 1797 v.
1007 1751 1014 1775 ⁴
1026 1747 1145 1809 tingere:

54 1808 168 1858 Bentleii
180 1811 266 1862 Grae.
280 1815 372 1872 Recio.
388 1814 503 1875 Magdal.
515 1829 531 1862 n
541 1830 576 1863 ru.
588 1829 628 1877 pr.
639 1813 715 1862 Bodl.
728 1819 751 1863 l.
769 1823 796 1862 et
810 1816 879 1876 Lips.
890 1818 914 1861 2.
932 1812 1046 1867 securim
1063 1821 1089 1859 et
1107 1812 1144 1860 sic

54 1871 140 1922 Bentl.
153 1889 210 1924 cunr
221 1877 355 1938 euphonia
365 1891 451 1937 causa,
462 1891 493 1924 ne
506 1883 559 1924 tres
570 1877 684 1924 continui
698 1891 786 1924 vorsus
804 1877 829 1923 in
847 1891 858 1921 s
874 1877 985 1931 exirent,
1003 1881 1066 1932 turn,
1074 1874 1146 2048 llll?

54 1949 104 1983 nna
116 1937 230 2000 victima;
243 1941 299 1998 sed,
307 1948 336 1988 nt
347 1947 433 1988 monet
443 1939 530 1988 lones.
542 1937 655 1985 debebat
664 1939 701 1984 ita
712 1939 790 1987 etiarn
801 1937 884 1985 Poeta
895 1937 1008 1985 scribere
1017 1939 1083 1999 posu
1137 1970 1144 1984 .

52 2003 115 2048 -1r
134 2002 214 2050 With.
226 2004 298 2052 malit
316 2004 405 2062 tingat,
425 2009 453 2048 nt
470 1999 619 2062 ‘premant'
637 2013 656 2048 r.
676 1998 728 2048 Od.
739 2003 780 2049 ιι.
792 2004 880 2050 9.-14
899 2001 1008 2065 Freneq.
1026 2007 1053 2048 et
1095 1999 1101 2047 i

548 2142 655 2192 NOTAE

55 2250 117 2300 licet
128 2250 269 2314 Autumno,
282 2267 356 2315 quern
369 2251 527 2302 ‘letiferum’
538 2267 579 2301 vo·
621 2253 768 2303 adornando
785 2263 855 2304 serta
874 2262 900 2304 et
919 2257 1029 2305 corollas
1045 2257 1145 2307 exher-

54 2336 97 2377 cet
114 2326 247 2377 luvenalis
266 2330 321 2379 Sat.
342 2343 381 2378 ιν.
400 2332 440 2378 uu.
467 2329 535 2378 Vide
552 2338 580 2378 et
621 2329 659 2378 bis
669 2337 696 2377 et
706 2327 822 2391 floribus,
832 2345 890 2395 qna
903 2331 952 2378 illis
964 2330 1053 2380 dones.

54 2416 131 2465 supra
143 2416 173 2452 ιι.
187 2403 239 2454 Od.
251 2408 290 2454 lt.
306 2410 346 2455 1⁵.
651 2406 804 2469 Didaentr'usr]
829 2407 926 2457 Nonius
947 2406 1088 2454 Marcellus
1107 2405 1144 2454 ite

86 2483 102 2526 9
120 2479 193 2541 Num,
204 2495 255 2542 quoe
263 2481 346 2544 nivali,
357 2483 412 2545 isc]
425 2480 580 2531 Pontificum
620 2481 702 2531 dictas
721 2496 791 2541 ores,
816 2481 883 2545 quod
907 2481 970 2529 dnos
989 2479 1080 2528 dentes
1101 2479 1143 2528 ba-

54 2562 95 2601 est
108 2554 132 2600 iu
143 2556 222 2602 sacris
239 2557 349 2618 publicis
360 2557 491 2605 immolare
507 2559 579 2607 victi·
621 2559 707 2615 beant,
721 2557 848 2606 mordicus
864 2564 957 2618 negat:
975 2554 1067 2603 asserit
1085 2569 1144 2603 vero

55 2641 110 2674 ruas
127 2637 288 2679 sumtuosas:
307 2640 334 2679 at
346 2639 383 2692 te,
394 2633 514 2695 Phidyle,
526 2649 579 2682 rna·
620 2636 671 2685 dici
681 2636 753 2700 quasi
764 2637 883 2695 biennes;
901 2633 1056 2683 anctoritate
1067 2632 1145 2682 Porn-

54 2701 131 2749 ticam
144 2710 172 2749 er
186 2703 311 2763 privatam
322 2706 495 2756 mulierculam
505 2709 580 2759 decet
620 2710 689 2772 ponii
701 2712 726 2758 in
739 2709 865 2758 Atellaua.
885 2709 952 2756 Vide
963 2706 1080 2756 Macrob.
1093 2720 1144 2755 vn.

55 2773 148 2824 offerre
171 2777 229 2825 Diis
249 2775 417 2827 familiaribus
439 2783 580 2832 minuscula
620 2788 644 2832 9.
662 2791 689 2833 et
707 2785 775 2833 Geli.
792 2797 850 2832 xvr.
862 2790 886 2833 θ.
899 2783 942 2831 nbi
955 2790 1064 2846 uterque
1075 2780 1144 2830 idern

56 2864 164 2914 ortuque
175 2849 243 2898 dona
254 2861 281 2899 et
293 2853 428 2901 sacrificia.
620 2864 749 2917 astruunt,
762 2858 970 2920 contenduntque
990 2861 998 2884 ‘
1012 2871 1061 2904 non
1082 2869 1144 2904 ovea

88 2925 149 2978 Quae
162 2925 234 2972 nicoli
248 2927 354 2988 urantur
368 2927 468 2988 Algido]
487 2928 579 2976 Pasce·
619 2930 747 2987 rolur,sed
760 2944 847 2978 omnes
857 2931 936 2978 bimas
948 2930 1044 2977 hostias
1055 2928 1143 2978 biden-

54 3000 150 3049 bantnr
159 3001 219 3048 olim
231 3014 324 3064 greges
336 3001 366 3048 ad
380 3001 505 3050 sacrificia
515 3002 579 3065 pub·
621 3009 660 3050 tes
674 3003 817 3064 appellari)

53 3075 104 3124 lica
114 3074 235 3125 destinati
246 3091 277 3124 sc
288 3076 385 3125 devoti.
653 3081 682 3125 15
702 3077 794 3135 Parrus,
812 3075 887 3138 Deos]
915 3076 1003 3130 Lares,
1021 3075 1144 3135 Penates,

85 3150 186 3212 Algido]
206 3153 246 3199 De
258 3166 289 3200 eo
301 3157 385 3200 monte
398 3163 417 3200 ι.
429 3151 479 3200 Od.
490 3155 531 3200 21.
543 3155 568 3199 6.
619 3167 726 3216 qnorum
746 3153 867 3213 imagines
889 3165 974 3214 parvae
996 3148 1096 3197 scilicet
1118 3147 1144 3195 in

86 3228 115 3272 ll
133 3226 232 3273 Albanis
242 3226 364 3287 inberbis]
378 3226 409 3275 ln
420 3227 521 3289 pascuis
535 3227 578 3275 Al·
620 3229 726 3290 privatis
744 3226 856 3276 cedibus:
875 3229 901 3274 iu
921 3224 987 3274 fanis
1007 3230 1093 3272 autem
1112 3237 1143 3272 ac

55 3300 227 3358 bonimontis,
240 3300 281 3362 qui
295 3302 326 3350 ab
335 3302 397 3350 urbe
410 3302 490 3350 Roma
501 3301 580 3350 distat
621 3303 721 3366 templis
733 3302 840 3364 majores
851 3303 967 3351 Deorum
981 3306 1073 3349 statum
1091 3312 1143 3346 ma-

55 3378 94 3423 12.
113 3374 173 3422 mill.
191 3389 259 3437 pass.
277 3375 370 3425 Ortum
389 3392 485 3426 verens.
509 3378 578 3425 Mar·
614 3377 673 3439 jora
683 3379 816 3426 simulacra
830 3377 957 3426 habentur
968 3383 994 3423 et
1005 3374 1133 3424 coluntur.

53 3449 206 3496 tial.1v.dt.
230 3450 237 3475 ⁸
248 3448 359 3498 Albanos
371 3466 472 3515 quoqne
480 3452 578 3500 Tuscu·
652 3454 807 3502 Coronensem
824 3452 913 3501 marim
926 3451 998 3510 Rure,
1010 3448 1144 3511 fragilique

53 3523 141 3586 lneque
162 3523 259 3572 colles!
286 3523 384 3573 Arnob.
407 3527 451 3574 lib.
474 3541 504 3574 ιι.
531 3526 578 3574 ‘lu
618 3528 753 3592 myrto]1n
774 3527 906 3576 sacrificiis
926 3523 1143 3589 nrnltiplicesad·

55 3595 155 3646 Albano
167 3597 305 3660 antiquitus
317 3605 404 3647 moute
421 3600 504 3648 nullos
516 3601 579 3649 alios
619 3605 772 3652 iubebantur
792 3600 919 3667 ejusmodi
937 3600 1049 3650 corollae.
1082 3598 1143 3659 ipae

54 3669 149 3720 licebat
164 3687 241 3734 quarn
262 3673 330 3722 nivei
349 3680 435 3723 tauros
448 3675 579 3725 immolare
618 3678 766 3726 sacrificans
786 3675 965 3736 coronabatur,
983 3674 1065 3722 boetia
1082 3686 1142 3736 quo·

55 3744 189 3792 candoris:
207 3761 291 3795 noune
309 3747 384 3796 istum
408 3763 503 3798 morem
521 3749 579 3798 reli·
619 3766 678 3814 que,
690 3755 772 3816 imago
784 3752 895 3801 Deornrn
908 3758 936 3798 et
948 3751 1058 3808 ara‚&c.

55 3815 206 3881 gionemqne
217 3824 334 3871 mutastis
343 3823 365 3871 ι’
377 3828 426 3874 dre.
651 3829 747 3875 Marino
759 3826 832 3888 Rure]
849 3826 917 3873 Plin.
930 3837 1007 3871 xxiv.
1022 3826 1061 3868 ll.
1077 3826 1083 3846 ⁴
1095 3820 1142 3865 Est

89 3893 117 3936 13
137 3892 170 3938 Te
181 3892 240 3939 nitu
250 3897 345 3949 attinet,
356 3899 409 3958 tre]
426 3899 511 3947 Ttrrun
528 3913 578 3946 non
619 3908 646 3949 et
658 3904 822 3951 rosmarinum
835 3937 840 3949 .
854 3935 860 3947 .
873 3935 879 3947 .
891 3898 960 3945 soliis
972 3893 1143 3955 odortlruris‚'

55 3973 95 4013 est
107 3971 219 4012 mactare
230 3969 358 4027 pecudes:
376 3974 447 4020 Deos
461 3973 578 4035 perfecte
618 3979 666 4026 &c
686 3980 726 4026 De
739 3982 833 4037 myrto,
847 3988 865 4020 ι.
879 3971 930 4020 Od·
941 3974 980 4016 ³8·

55 4045 121 4094 coles
133 4049 161 4091 et
173 4042 294 4105 placabis,
306 4048 432 4097 nectendo
442 4057 540 4098 tantum
551 4056 579 4098 et
