2408 4200
422 274 454 334 o.
479 274 635 323 nourrii
662 275 794 325 resecr

232 419 312 482 Dixi
328 427 593 481 sacramentum:
614 418 748 492 ibimus,
763 418 899 492 ibimus,

272 518 462 599 Utcumque
477 519 662 599 praecedes,
678 537 866 599 supremum

314 618 457 701 Carpere
471 621 535 682 iter
549 621 687 683 comites
701 620 823 700 putati.

229 717 288 781 Me
301 739 360 781 nec
375 719 548 783 Chimaerae
564 719 700 802 spiritus
714 720 832 800 igneae,

230 819 318 894 Nec,
334 820 362 881 si
377 827 527 900 resurgat
541 819 747 883 centimanus
762 817 889 898 Gyges,

55 977 132 1025 itiusn.
167 977 241 1027 Haud
254 978 345 1037 fulsum
357 978 447 1039 juravi.
482 980 611 1040 Pergamus
629 993 693 1034 mm
710 992 799 1041 quoquo
818 977 884 1024 mutto
900 974 1010 1030 orteilris,
1027 987 1150 1035 urgemur

58 1042 164 1090 ultimum
186 1044 245 1091 inire
265 1045 328 1090 oium
347 1043 450 1104 expediti
466 1043 532 1090 socii.
567 1043 649 1104 Neque
664 1057 701 1089 nse
715 1040 833 1103 sspurnltit
849 1054 950 1101 ιιιιᾳιιωιι
964 1055 978 1085 ιι
993 1043 1017 1084 te
1031 1039 1151 1086 Cbtmoeru

52 1103 164 1166 fluum
182 1108 283 1169 spirens,
296 1123 369 1168 seque
383 1107 500 1155 sediciosis
512 1107 578 1169 (ἔφη
588 1112 678 1155 eentum
689 1119 771 1153 monus
782 1104 874 1152 babens.
908 1104 948 1150 Itu
962 1104 1080 1150 decretum
1092 1101 1150 1148 Tbe-

519 1248 694 1267 ”mm

58 1359 92 1391 ra
105 1342 174 1406 Lips.
186 1348 272 1393 l.-lt
292 1345 377 1409 Gyges
388 1344 461 1394 llsrl.
472 1350 495 1394 1.
507 1350 531 1395 1.
542 1349 566 1394 3.
576 1350 601 1395 t.
614 1353 637 1395 s.
649 1350 672 1396 6.
690 1345 778 1408 ‘giges
785 1345 839 1407 jum
850 1345 943 1406 legisse
957 1344 1076 1392 videntur
1086 1342 1148 1390 Aer.

59 1416 86 1454 et
97 1408 241 1456 Commeut.
253 1409 330 1471 Cruq.
342 1411 520 1469 explicsntes:
536 1409 689 1458 ‘Brisrsuu’
714 1411 747 1459 Et
759 1411 795 1458 sic
808 1410 862 1472 (vel
876 1407 971 1471 Gyges)
982 1421 1079 1455 summo
1088 1420 1148 1454 con·

59 1485 134 1516 sensu
146 1485 232 1517 omues
249 1471 369 1532 Cruqnii‚
388 1472 473 1517 Pnim.
491 1473 611 1518 Turrem.
630 1482 657 1519 et
675 1475 760 1519 Bentl.
782 1483 834 1520 tres
851 1474 951 1520 Bersm.
967 1472 1048 1534 Lipss.
1071 1470 1147 1518 Dess.

59 1533 170 1580 Helmst.
189 1534 264 1578 Fran.
276 1534 383 1579 Venett.
402 1534 509 1579 Iucher.
526 1533 586 1580 Asc.
604 1533 683 1594 Crnq.
698 1536 772 1581 Τοιι.
786 1537 861 1595 llutg.
878 1541 926 1584 tce.
959 1536 1009 1583 Sed
1030 1542 1100 1582 recte
1113 1533 1149 1580 vi·

58 1596 151 1641 derunt
162 1594 208 1641 uiri
220 1593 300 1650 docti,
312 1593 336 1640 Ιι.
348 1595 364 1640 Ι.
377 1608 468 1641 nomeu
481 1596 611 1655 proprium
625 1596 710 1655 potius
723 1597 835 1654 prosilisse
850 1599 989 1655 putandum
1005 1598 1149 1644 Horatium.

59 1656 253 1720 Gygesquidsm
273 1656 363 1704 Lumb.
382 1656 422 1718 (et
442 1657 499 1717 ejus
515 1656 579 1705 edit.
597 1657 691 1717 primu)
709 1658 776 1704 Ant.
796 1657 921 1704 Priscian.
941 1660 983 1704 lib.
1000 1673 1037 1706 ιι.
1057 1674 1082 1719 p.
1092 1663 1149 1707 718.

56 1721 214 1782 (quenquam
227 1729 254 1768 et
265 1720 301 1767 lbi
310 1719 411 1782 quidum
423 1721 484 1767 Μαι.
496 1719 580 1780 gigas)
597 1721 691 1767 Venet.
705 1724 774 1768 1590.
786 1721 874 1767 Basili.
886 1721 960 1767 Febr.
973 1722 1147 1770 Bentl.›Buxt.

56 1784 137 1832 Gesn.
149 1792 176 1832 et
187 1783 252 1831 Sivr.
284 1784 325 1830 Sic
338 1797 395 1830 enm
410 1791 502 1831 vocent
519 1781 596 1842 rtem
607 1782 716 1831 Hosiod.
727 1788 756 1830 Θ.
769 1788 824 1832 ltu.
837 1788 892 1832 618.
903 1787 958 1830 tlt.
970 1787 1027 1830 734.
1060 1784 1147 1832 Setini.

56 1845 178 1907 Apollon.
188 1856 214 1894 et
228 1846 336 1908 AEscliyl.
356 1846 536 1909 Palaephatus,
552 1847 652 1894 Auctor
665 1847 834 1908 Etymologici
853 1847 878 1893 in
894 1845 1072 1907 τριτοτάτορει,
1087 1847 1149 1904 ulii3

60 1910 145 1972 Gyges
155 1910 341 1959 οι1ι1.Αιιι.ιι.
353 1914 378 1961 1.
390 1913 430 1957 12.
447 1910 516 1957 Fert.
528 1924 566 1958 ιι.
579 1915 635 1959 59³.
652 1910 730 1957 Trist.
740 1914 810 1957 uus.
821 1914 859 1957 18.
872 1910 977 1971 (unibus
987 1917 1073 1956 tumen
1085 1910 1149 1957 locis

58 1974 170 2020 nonnulli
183 1974 261 2021 etium
270 1973 395 2021 exhibent
408 1974 479 2033 Gius,
493 1973 591 2036 Gyges)
603 1975 695 2022 Senec.
709 1973 789 2021 Herc.
800 1972 855 2020 OEt.
868 1978 923 2020 161.
942 1973 1000 2035 (ubi
1011 1974 1069 2020 eod.
1081 1974 1150 2020 Flor.

59 2036 154 2098 Gyges)
174 2035 272 2098 llygin.
285 2036 389 2097 praeiut.
423 2036 473 2084 Sed
487 2037 553 2100 Gyas
565 2038 690 2100 posterior
703 2037 779 2084 lectio
792 2036 880 2084 Lumb.
915 2037 956 2083 Sic
974 2037 998 2082 iu
1011 2044 1075 2084 antt.
1088 2036 1149 2084 libb.

56 2101 183 2162 reperisse
196 2116 223 2148 se
236 2101 272 2147 ait
284 2101 381 2148 ltluret.
394 2101 436 2162 qui
450 2108 477 2148 et
493 2101 518 2147 in
534 2102 561 2148 ll.
580 2101 687 2148 Hesion.
697 2099 819 2162 quosdam
837 2100 902 2146 Μιι.
915 2097 974 2154 rins
986 2107 1097 2148 testatur
1107 2098 1150 2147 bu·

56 2162 136 2223 bere;
152 2165 225 2226 cnjus
238 2173 323 2211 sutem
336 2165 466 2225 utriusque
485 2165 521 2212 rei
541 2179 619 2224 penes
639 2165 721 2225 ipsum
741 2163 821 2210 solum
839 2162 913 2211 tides.
945 2163 1003 2210 Vid.
1017 2164 1072 2224 ejus
1083 2178 1150 2210 vurr.

56 2228 130 2274 lectt.
145 2240 179 2274 vr.
195 2231 233 2275 12.
266 2227 385 2288 Apollod.
398 2227 466 2276 Bibl.
482 2242 519 2288 pr.
532 2227 593 2284 Γύην
607 2227 735 2289 appellen
754 2227 820 2274 nude
832 2235 899 2273 esset
913 2226 986 2288 Gyas,
997 2232 1025 2273 nt
1035 2227 1149 2285 Scaliger

58 2291 122 2344 vult,
134 2292 173 2336 rel
186 2305 217 2338 ex
229 2291 322 2338 Dorice
335 2292 435 2339 ratione
447 2291 520 2353 Gyas.
553 2292 697 2339 Ediderunt
709 2300 735 2337 et
750 2291 817 2352 Gens
828 2289 936 2338 Laudic.
947 2289 1038 2350 steph.
1056 2290 1145 2337 Heius.

56 2353 119 2401 Pub.
132 2356 195 2402 eun.
213 2355 310 2402 Ducer.
323 2356 380 2402 San.
395 2362 422 2401 et
433 2355 523 2403 Jones.
557 2355 608 2401 Seri
623 2364 694 2403 recte
712 2354 803 2401 lleins.
814 2354 846 2416 uri
865 2353 942 2401 Ouid.
957 2352 1013 2399 Αιιι.
1031 2367 1060 2399 ιι.
1075 2359 1095 2400 1.
1110 2358 1149 2400 12.

57 2416 242 2478 Apollodorum
256 2417 342 2478 potius
352 2432 384 2465 ex
396 2421 492 2464 ceteris
503 2418 710 2480 plnribus,quem
724 2421 808 2464 boses
821 2416 863 2463 illo
875 2415 1059 2463 uuoementlari
1071 2431 1147 2475 opor-

56 2488 111 2527 tere
119 2481 232 2540 judicat,
245 2490 271 2529 et
282 2481 432 2529 Grecorum
445 2480 524 2542 igitur
535 2482 690 2529 anctoritate
702 2481 840 2528 dicendum
853 2481 945 2542 Gygen.
963 2479 1012 2526 sid.
1023 2488 1049 2526 et
1059 2480 1146 2527 Bentl.

548 2607 657 2655 NOTAE

56 2699 179 2748 devoveo.
211 2700 303 2761 ltaque
324 2700 448 2747 Horatius
468 2702 582 2750 ostendit
622 2719 648 2752 se
667 2704 770 2766 regibus
787 2705 926 2766 devovent,
943 2713 969 2754 et
990 2712 1099 2767 postem
1112 2706 1148 2751 si·

55 2790 112 2823 esse
131 2790 158 2823 se
176 2790 207 2821 ex
226 2789 313 2822 eornm
326 2790 440 2837 numero,
452 2778 493 2839 qui
506 2777 581 2824 Priu-
622 2786 674 2826 tam
695 2778 826 2826 refutant)
862 2782 896 2826 Et
917 2781 974 2826 Vat.
991 2781 1058 2826 illex.
1080 2791 1110 2824 ιι.
1123 2783 1147 2824 6.

55 2853 157 2915 cipibus
168 2852 253 2900 devoti
266 2854 470 2914 appellabuntur.
496 2854 581 2902 Caessr
621 2854 762 2903 ‘Celtiberi
773 2853 844 2901 nefus
854 2869 908 2901 esse
917 2854 1047 2901 ducebant
1060 2852 1148 2912 prelio

56 2929 88 2975 de
101 2928 164 2975 Bell.
177 2927 247 2976 Gall.
261 2941 302 2974 ιιι.
314 2931 354 2975 23.
370 2925 446 2974 ‘Alis
458 2942 489 2974 ex
508 2938 581 2989 purte
621 2944 765 2991 superesse,
778 2944 835 2977 cum
853 2932 874 2978 is
887 2930 1034 2986 occidisset,
1047 2944 1092 2990 pro
1104 2943 1149 2975 cu-

56 3005 146 3067 oppidi
170 3003 365 3062 Adcuntnunus‚
391 3004 432 3066 qui
460 3018 582 3052 summum
616 3005 661 3065 jns
673 3005 754 3051 salute
765 3005 885 3066 spiritum
897 3004 1072 3051 devoverunt)

56 3077 162 3140 imperii
183 3078 299 3139 tenebat,
319 3078 477 3140 eruptionem
498 3077 582 3127 fucere
655 3078 834 3139 llSuprcmum
849 3081 950 3139 Carpere
961 3078 1019 3137 iter]
1044 3076 1147 3123 Disces-

56 3161 163 3199 conutus
182 3163 223 3200 est
244 3168 301 3201 cum
321 3153 449 3201 sexcentis
474 3153 584 3213 devotis,
620 3167 675 3201 euru
693 3168 706 3201 e
726 3155 777 3201 vitu
798 3153 845 3199 truc
862 3152 894 3197 ud
913 3148 1007 3197 inferus
1030 3151 1148 3210 regiones

56 3244 119 3289 quos
141 3230 176 3275 illi
197 3231 328 3276 Solilurios
348 3232 493 3290 appelleon
520 3245 581 3294 quo·
621 3229 762 3289 mortisque
775 3227 921 3286 lmpcrium.

56 3317 111 3349 rum
124 3305 178 3349 hoec
191 3310 230 3348 eet
242 3304 366 3359 conditio,
384 3312 411 3349 ut
428 3304 543 3351 omnibus
556 3307 581 3351 iu
654 3304 683 3347 lt
703 3302 743 3347 Me
761 3315 801 3346 nec
814 3299 946 3353 Cbimurae,
957 3297 1010 3359 isc]
1035 3300 1093 3346 Nou
1109 3296 1147 3346 di·

55 3380 108 3425 vitu
120 3377 257 3423 commodis
275 3391 324 3423 nun
336 3393 393 3423 curn
406 3377 583 3439 liisfruantnr,
622 3379 701 3424 vellar
721 3391 769 3439 ego
785 3393 800 3424 ιι
820 3387 845 3425 te
866 3380 919 3424 ullu
940 3393 967 3425 re
988 3380 1145 3441 quantumvis

55 3467 162 3515 quornm
186 3465 213 3496 se
235 3450 539 3509 arriicitiaetledideri11t3
561 3454 581 3498 si
623 3453 737 3499 terribili.
764 3454 804 3499 De
817 3454 1038 3501 Cliimmru1.0d.
1050 3457 1089 3499 21.
1102 3454 1146 3512 πῦρ

56 3528 115 3590 qum
129 3527 165 3573 eis
180 3539 224 3585 pei·
238 3526 286 3571 viru
299 3524 408 3585 accidet,
419 3526 582 3572 uiitetmtleni
622 3528 735 3588 πνέουσα,
757 3529 835 3588 iguem
852 3529 953 3589 spirans,
974 3529 1067 3575 dicitur
1087 3529 1145 3574 Pin·

56 3617 143 3652 cesum
164 3615 214 3645 riou
234 3598 328 3653 serunt,
347 3607 391 3644 aut
409 3599 456 3645 sibi
475 3609 581 3647 mortem
623 3602 692 3647 eluro.

55 3681 223 3729 consciscunt.
258 3677 350 3736 Neque
363 3677 580 3723 udliuclteniinum
656 3680 759 3734 litter,
775 3681 795 3723 si
815 3682 931 3735 resurget,
951 3674 1001 3737 ite]
1029 3674 1146 3736 Epomr.

55 3755 178 3804 memorie
191 3759 308 3813 repertus
321 3760 360 3797 cst
377 3753 519 3812 quisquam,
538 3753 580 3812 qui
622 3756 628 3778 ‘
642 3754 674 3799 Et
688 3763 712 3798 to
727 3753 766 3798 rel
779 3768 825 3812 per
838 3752 939 3813 Alpium
946 3753 1017 3811 juge,
1029 3749 1146 3810 Inhospi-

56 3845 87 3876 eo
100 3829 248 3890 interfecto,
266 3828 340 3889 cnjus
360 3841 386 3871 se
406 3826 526 3873 amicitia*
540 3827 582 3872 de·
622 3829 699 3872 talem
718 3834 743 3872 et
764 3827 915 3884 Caucasum,
932 3826 980 3872 Vel
995 3824 1146 3872 Occidentis

57 3906 180 3959 vovisset,
199 3905 260 3951 mori
280 3901 429 3950 recusaret)
464 3903 516 3948 Dio
537 3904 581 3948 lib.
622 3917 701 3962 usqne
724 3901 754 3946 uti
776 3901 892 3948 ultimum
912 3901 1146 3960 siurim,l'ortise-

58 3987 117 4021 ιιιι.
130 3993 223 4024 morem
238 3982 313 4028 istum
327 3977 430 4026 fluxisse
443 3976 475 4023 ab
489 3978 581 4037 Hispu-
623 3989 728 4038 qnemur
740 3977 862 4035 pectore)

57 4051 96 4098 uis
107 4050 279 4115 uit,fuvetque
288 4056 437 4104 Sallustius:
454 4060 459 4079 ‘
472 4052 580 4113 Hispani
656 4051 807 4096 t'eutirnuuus
820 4053 899 4113 Gyges
910 4049 1002 4112 [Gyas]
1019 4049 1042 4097 ls
1055 4062 1116 4094 unus
1129 4063 1144 4096 e
