2408 4200
390 263 597 311 caussinum
626 264 695 309 nso.
721 264 741 310 ι,
763 246 817 310 32.

189 406 267 468 Sive
275 405 437 487 jactatam
455 404 608 482 religarat
623 402 690 465 udo

444 505 567 567 Littorc
582 505 704 581 navim,

186 606 343 669 Liberum
360 615 395 670 ct
411 605 541 681 Musas,
559 605 792 687 Veneremque
807 614 842 668 et
856 606 904 668 illi

186 707 323 789 Semper
335 709 511 772 haerentcm
529 705 671 769 Puerum
687 707 840 782 canebat,

187 807 231 870 Et
244 807 372 890 Lycum
387 809 489 889 nigris
502 808 607 871 oculis
623 808 785 889 nigroque

444 910 544 973 Crine
559 909 729 973 decorum.

58 1119 175 1180 agitatum
185 1123 211 1171 in
222 1123 317 1172 minida
334 1126 388 1184 ripe
403 1124 555 1184 alligaverat,
570 1123 680 1170 cantabat
698 1121 830 1175 Bocchum,
847 1124 915 1181 utque
932 1121 1023 1174 Muses.
1040 1126 1062 1168 et
1080 1121 1152 1184 Vens·

60 1197 117 1247 rem,
132 1200 272 1250 puerumque
288 1202 443 1249 compescam
459 1187 624 1243 comitantem
639 1200 725 1232 necnon
737 1185 827 1246 Lycum
844 1185 916 1232 oculis
929 1190 953 1232 et
964 1184 1055 1246 cupillis
1075 1184 1154 1243 nigris

518 1344 697 1363 muman

61 1456 146 1510 ndum5
176 1454 284 1504 Locher.
304 1456 407 1517 humido,
425 1471 458 1505 ex
478 1456 681 1505 membranarum
707 1458 849 1519 scriptione
869 1459 1000 1507 liudo.-ll
1021 1458 1054 1506 Et
1074 1457 1153 1519 Lycon

546 1618 651 1667 NOTAE

62 1745 175 1794 Homero
193 1744 290 1806 similis,
304 1745 350 1794 sed
362 1753 389 1795 et
401 1747 427 1796 in
440 1749 510 1796 husus
521 1756 547 1796 et
560 1749 586 1794 iu
627 1747 744 1809 Sappho:
769 1747 796 1795 Si
818 1761 858 1795 res
879 1745 999 1794 honestas
1020 1759 1050 1793 ac
1074 1745 1154 1792 bonas

61 1834 158 1869 amores
180 1819 324 1879 descendit,
340 1823 480 1883 majoribus
500 1829 586 1870 temen
627 1826 711 1872 auimo
723 1838 752 1871 ac
771 1823 899 1871 desiderio
917 1822 1089 1883 concepisses,
1106 1835 1154 1868 nec

61 1893 160 1957 aptior!
189 1895 300 1957 Dionys.
309 1895 538 1946 Halicarnasslib.
554 1897 588 1946 de
628 1900 771 1961 trepidaret
790 1899 886 1959 lingue,
905 1911 952 1944 nec
967 1896 1049 1958 pudor
1068 1896 1154 1944 oculos

61 1971 159 2019 struet.
180 1968 257 2017 Orat.
282 1970 403 2026 ‘Aleoeh'
422 1974 588 2036 inqult‚‘in·
628 1982 790 2038 occupasset.
819 1974 885 2021 Vide
898 1973 992 2021 Athen.
1004 1972 1155 2020 xrrs.8.nhi

63 2054 166 2106 gentem
179 2043 313 2093 considera
326 2047 454 2108 spiritum,
466 2057 493 2096 et
505 2049 588 2096 hreni·
630 2051 662 2099 de
675 2050 779 2099 ‘Alcaeo
797 2049 913 2111 Sapphus
930 2062 1042 2096 amorem
1059 2048 1155 2095 cithare

63 2128 141 2168 tatem
159 2128 187 2168 et
204 2121 358 2170 suavitatem
378 2136 436 2170 cum
455 2124 588 2171 schemen·
630 2125 757 2175 canente!

64 2196 116 2243 tie:
145 2205 272 2257 preterea
291 2194 424 2258 figuratam
447 2200 588 2247 cretionem
663 2207 694 2250 10
720 2202 760 2248 Illi
777 2200 872 2259 Semper
894 2199 1021 2245 maculem
1041 2198 1154 2261 Puerum]

63 2286 120 2320 cum
141 2273 486 2335 perspicuitate....sute
505 2277 590 2323 omnia
630 2277 726 2324 Veneri
756 2275 834 2323 tilium
866 2275 1018 2336 Cupidinem
1050 2273 1156 2334 appingi

63 2361 123 2394 vero
145 2348 306 2409 politicorum
329 2350 488 2412 negotiorum
511 2350 589 2400 alioc-
631 2366 741 2413 semper,
752 2357 778 2399 et
787 2351 906 2398 comitem
921 2348 980 2396 addi
992 2349 1102 2406 solitum,
1115 2363 1158 2395 uo·

64 2423 122 2470 tus!
139 2424 204 2472 Vide
216 2433 243 2473 et
254 2438 284 2473 ιι.
297 2426 350 2474 od.
363 2431 400 2475 13.
631 2429 741 2476 ravimus
753 2434 823 2484 aute,
834 2425 866 2472 sd
876 2423 927 2473 Od.
939 2437 1007 2472 xxx.
1020 2439 1057 2472 vs.
1070 2428 1093 2471 6.

94 2499 248 2562 chilosum]
260 2500 336 2563 Apud
350 2500 442 2550 Athen.
455 2517 473 2551 1.
488 2507 527 2550 19.
545 2501 590 2549 ΑΙ·
664 2507 691 2549 ll
710 2500 811 2565 mcum]
839 2501 969 2549 Dilectum
990 2501 1157 2563 Alcoeopue·

64 2585 131 2619 caus
151 2573 316 2634 hlitylenaeus
338 2577 375 2624 its
397 2579 485 2628 canit:
513 2576 591 2635 Τέγγε
632 2591 696 2623 rum.
721 2579 889 2628 clermont.
902 2582 991 2627 sv.7l.
1009 2579 1094 2629 ‘Qun
1106 2590 1155 2625 non

63 2645 191 2705 πνεύμονας
202 2650 264 2711 olrp,
275 2652 329 2711 rigo
339 2653 457 2714 pulmones
472 2655 544 2701 nino:
565 2660 592 2700 et
628 2649 751 2709 juvenum
764 2666 849 2700 aurore
862 2654 964 2714 scripsit
978 2652 1081 2701 urceus
1091 2652 1112 2698 θ’
1130 2660 1157 2698 et

64 2721 143 2770 alibi:
166 2722 245 2780 Mulio
263 2724 325 2774 dato
342 2726 460 2791 φυτεύσῃς
477 2726 592 2788 πρότερον
632 2725 664 2773 dc
675 2726 736 2777 Nat.
748 2727 824 2778 Deor.
837 2743 856 2777 t.
868 2744 893 2777 u.
905 2734 944 2777 80.
972 2733 979 2756 ‘
995 2729 1083 2787 Nobis,
1104 2727 1158 2789 qui,

64 2794 168 2859 δένδρεον
177 2798 282 2858 ἀμπέλω.
311 2803 592 2865 Nullumulinmplontu·
632 2804 832 2853 concedentibus
853 2803 1015 2864 l'hilusophis
1036 2801 1158 2862 antiquis,

65 2873 319 2937 oenias-mremprios
330 2877 385 2924 nite.
419 2878 590 2929 Quodimita-
632 2878 831 2929 adolescentulis
851 2879 1156 2934 delectamunetiemri·

64 2955 105 2995 tus
116 2949 239 2999 Horatius
252 2950 304 3000 Od.
316 2965 495 3016 xvrrr.supra.
516 2955 590 3017 Ejus·
633 2956 669 3004 tis
693 2971 764 3014 sepe
782 2955 898 3012 jucunda
918 2962 985 3002 sitiit.
1013 2955 1109 3001 Nasus
1133 2955 1157 2996 in

64 3024 120 3072 dem
127 3027 262 3074 sententiae
271 3029 384 3077 carmina
394 3030 513 3090 perleges
523 3029 590 3089 apud
632 3030 742 3075 articulo
755 3026 828 3084 pueri
840 3026 950 3070 delectat
970 3026 1093 3071 silenum·
1122 3023 1159 3068 Αῑ

65 3099 173 3147 eirndem
195 3102 287 3148 Athen.
308 3104 384 3148 variis
407 3104 479 3155 locis,
501 3103 593 3160 quum·
632 3108 673 3146 est
693 3097 809 3156 corporis
827 3095 926 3140 macule
945 3109 1048 3142 neentis:
1066 3095 1103 3142 illi
1123 3104 1160 3142 ta·

65 3171 171 3219 Alcaeus
185 3173 217 3218 ad
232 3174 369 3220 bibendum
380 3174 476 3232 largius
493 3172 595 3228 invitat,
634 3185 692 3217 men
704 3170 752 3216 hoc
765 3169 848 3214 lumen
862 3167 1013 3215 sistebatur!

66 3245 135 3308 qsrod
156 3245 262 3290 ‘vinium
281 3245 386 3292 inducat
405 3244 519 3290 dolorum
534 3243 596 3290 ohti-
668 3244 756 3303 Nigris
776 3243 848 3290 acidis
867 3242 979 3304 nigroque
1003 3244 1075 3293 Crine
1094 3247 1160 3292 deco-

67 3321 178 3376 viouem,
196 3317 263 3380 quod
283 3318 316 3364 sit
330 3316 468 3365 remedium
481 3317 596 3365 moeroris
636 3321 700 3383 rum]
731 3321 774 3369 Sic
786 3319 817 3367 ad
831 3320 938 3367 Pisones
955 3335 990 3369 vs.
1003 3326 1042 3371 st.
1060 3322 1159 3383 ‘Spec-

66 3394 318 3458 prustautissinmm,
331 3410 345 3440 a
356 3393 430 3444 lovis
446 3406 477 3440 ac
487 3392 595 3440 Ssnrelae
637 3398 740 3445 tandum
760 3397 838 3460 nigris
851 3399 929 3446 oculis
943 3401 1066 3464 nigroque
1080 3398 1160 3460 capil-

67 3470 120 3518 tilio
133 3468 277 3517 hominihus
289 3469 395 3529 ‹lutum,'
407 3472 455 3517 &c
636 3473 676 3520 lo.'
698 3474 736 3522 lta
747 3475 863 3522 nimirum
873 3472 976 3524 formosi
987 3477 1161 3539 pridemcom·

106 3545 270 3604 Veneremque,
291 3544 342 3604 hc]
370 3544 502 3592 Amatoria
526 3558 593 3591 nam·
635 3551 828 3599 menilabantur.
855 3551 1162 3613 praesentientes.

67 3634 117 3684 que
128 3619 232 3679 scripsit
245 3618 323 3665 etiam
336 3620 456 3666 carmina.
480 3619 547 3666 ‘Sed
567 3629 594 3669 et
635 3626 733 3686 nigrum
747 3627 828 3674 Musis
843 3627 995 3687 capillitium
1009 3641 1065 3674 cum
1084 3624 1159 3672 laude

68 3698 93 3744 in
106 3698 176 3744 lusus
189 3696 253 3741 etin
270 3709 369 3742 amores
388 3694 536 3742 descendit’
551 3696 595 3744 ΑΙ·
636 3703 764 3761 assignem
782 3699 937 3760 ἰοπλοκάμων.
961 3700 1037 3763 Apud
1051 3700 1159 3747 eundem

69 3785 146 3820 casis.
184 3771 294 3820 Quintil.
313 3770 388 3831 paulo
409 3777 470 3818 ante
492 3771 595 3819 citatus.
635 3777 707 3832 alibi,
726 3777 821 3836 pariter
846 3784 871 3823 et
894 3776 999 3823 Homer.
1017 3776 1089 3823 Iliad.
1108 3778 1160 3835 prd-

72 3848 145 3908 Apud
165 3848 243 3896 Arist.
263 3848 337 3895 Rhet.
358 3863 378 3894 r.
399 3847 501 3894 Alcaeus
514 3849 596 3897 italo·
637 3853 700 3898 chre
729 3865 758 3896 ea
786 3851 942 3905 celebratur,
965 3867 1020 3912 qum
1043 3854 1159 3902 inludens·

72 3924 172 3982 qrrltur:
189 3922 257 3972 Θέλω
275 3923 327 3969 τινὰ
346 3922 427 3981 εἰπεῖν,
437 3920 503 3967 ἀλλά
514 3941 541 3979 με
553 3942 596 3970 κω·
637 3926 703 3988 quod
727 3926 803 3972 etium
827 3926 968 3986 epithetum
996 3927 1088 3977 Veneri
1115 3932 1159 3977 tri·

73 3995 124 4042 λύει
135 3996 206 4047 αἰδώς.
235 4001 291 4047 Υοὶο
309 4000 353 4046 tihi
364 4000 453 4060 aliquid
463 3998 548 4061 dicere,
558 4003 597 4048 sed
640 4004 733 4050 buitur.
1085 3988 1086 3992 Ἰ

73 4086 109 4119 oue
134 4073 236 4134 prohihet
262 4078 343 4137 pudor.
384 4075 430 4123 Cui
458 4077 596 4136 respondet
