2408 4200
447 286 494 334 nv
518 288 728 339 rosnarum
752 291 864 342 aoso.
1157 281 1202 347 13

103 431 198 518 qaod
212 432 245 497 iu
260 430 476 496 Semonibus
490 437 525 495 at
538 431 672 515 Epodis
683 432 846 498 Juvenem
862 456 899 501 se
913 437 1036 521 ubique
1051 437 1200 522 indicat3

101 532 249 617 et'qood'
259 531 332 596 sola
345 531 527 596 Satirarum
549 532 653 596 laude
667 535 865 600 inclaruisse
878 557 919 601 se
931 539 1024 616 dicit,
1038 546 1075 603 ut
1088 541 1201 606 luco·

62 706 68 715 ι
101 635 247 698 lioorum
267 638 333 699 term
352 632 533 716 Virgilium
553 632 596 719 (ι.
620 633 692 698 Sat.
714 635 768 699 10.
791 638 866 715 ln),
892 639 982 703 oolla
1004 639 1198 725 Lyricorum

101 733 271 798 mentione
295 733 397 801 tacta
448 734 496 797 ·In
525 735 644 798 catoris
676 741 786 799 antem
816 738 957 820 singulis
984 740 1198 822 precedentis

104 834 217 898 aetatis
246 836 368 917 gradus
395 836 601 919 plenissimis
626 836 729 918 signis
753 835 897 918 indicat3
931 838 1033 922 idque
1061 842 1121 905 tibi
1151 862 1197 907 ex

101 932 171 998 bac
198 938 280 1001 scria
301 937 372 1020 jam
398 958 420 1001 a
440 957 495 1001 me
513 937 737 1001 demonstrata
754 938 940 1021 jocundum
963 939 1027 1003 erit
1048 941 1196 1005 animad-

101 1042 252 1116 vortere;
288 1056 366 1103 eum
398 1036 566 1119 Operibus
597 1036 803 1119 juvenilibus
831 1039 937 1103 molta
968 1042 1132 1104 obscoena
1163 1049 1197 1108 et

100 1135 270 1216 flagitiosa
283 1138 403 1217 insint3
430 1144 555 1219 quanto
577 1137 674 1200 annis
696 1140 887 1219 provectior
908 1147 992 1215 erat,
1008 1144 1103 1204 tanto
1117 1160 1195 1205 eum

101 1241 137 1300 et
150 1234 282 1315 poetica
303 1239 423 1302 vntum
445 1245 478 1302 et
500 1244 763 1320 argumentorum
787 1239 946 1321 dignitate
970 1241 1195 1324 gravitateque

101 1335 268 1401 meliorem
283 1338 525 1420 certioremque
539 1358 672 1421 semper
685 1340 842 1402 evasisse.
879 1339 1031 1404 Ceterum
1047 1341 1196 1405 ubicum-

102 1454 170 1519 que
199 1438 260 1501 viri
288 1437 473 1504 doctissimi
501 1446 601 1503 extra
630 1440 752 1504 limites
779 1440 833 1503 bic
863 1441 994 1521 positos
1023 1439 1058 1503 in
1089 1442 1195 1522 assig-

100 1537 222 1600 nandis
244 1541 449 1621 temporibus
473 1548 664 1622 evagantur,
687 1541 788 1604 toties
809 1540 860 1603 illi
881 1542 916 1604 in
938 1560 1064 1605 errores
1082 1543 1193 1623 prola·

101 1638 237 1704 buntur.
280 1639 396 1704 Facile
426 1641 562 1723 qnidam
585 1640 667 1704 mihi
692 1640 781 1704 soret
800 1639 835 1704 id
861 1642 896 1703 in
918 1640 1058 1720 singulis
1082 1647 1193 1705 osten-

101 1737 197 1817 dere;
225 1759 342 1803 verum
356 1760 455 1805 unum
477 1743 575 1807 modo
597 1742 779 1806 alterumve
802 1743 878 1806 binc
895 1742 1064 1825 attingam,
1080 1750 1190 1808 cetera

100 1842 167 1901 tuas
181 1838 354 1905 industrias
374 1842 574 1923 relinquens.
620 1841 713 1905 Libri
729 1856 752 1904 1.
769 1840 906 1906 Carmen
921 1843 974 1906 21.
1019 1841 1191 1905 ‘Dianam

101 1943 220 2002 tenerae
244 1940 345 2003 dicite
359 1940 536 2022 Virgines,'
551 1961 725 2026 perperam
750 1940 920 2005 Saecnlare
946 1949 1076 2016 vocant,
1098 1940 1190 2004 etad

91 2025 240 2101 'Horatii
270 2058 389 2102 aunum
422 2056 530 2104 xcix.
559 2044 721 2120 referunt3
758 2043 902 2122 ringente
931 2041 1102 2118 Suetonio,
1132 2041 1190 2122 qui

101 2144 171 2200 tres
186 2135 376 2200 Garminnm
400 2138 502 2201 libros
523 2141 643 2221 ‘longo
664 2142 856 2204 intervallo’
873 2161 950 2203 eum
969 2159 1088 2202 annom
1104 2159 1191 2220 pree-

103 2238 247 2298 cessisse
262 2244 409 2301 testatur.
451 2237 556 2322 Atqui
570 2241 649 2304 nibil
664 2241 844 2322 quicquam
858 2240 914 2301 bic
930 2239 970 2300 de
989 2245 998 2271 ‘
1016 2238 1192 2300 Saeculari-

101 2337 166 2399 bus
181 2336 288 2400 lodis'
300 2339 467 2422 proditur;
490 2341 549 2404 sed
570 2348 629 2404 aut
653 2340 695 2403 ad
722 2340 842 2402 Dianae
866 2347 925 2401 aut
938 2336 1110 2418 Apollinis
1126 2338 1192 2399 tes·

100 2442 172 2499 tum
186 2444 327 2519 spectat,
342 2460 480 2521 quorum
501 2439 582 2503 illud
607 2459 722 2502 meuse
736 2438 901 2520 Augusto,
924 2437 987 2501 boc
1009 2435 1103 2500 Julio
1124 2437 1191 2499 sin-

102 2536 295 2618 gulisaunis
318 2542 554 2604 celebrabatur.
598 2540 723 2603 Eodem
747 2540 891 2622 pertinet
911 2537 1036 2603 Catulli
1051 2534 1189 2601 Camren

102 2653 226 2702 xxxv,
274 2643 422 2707 ‘Dianae
438 2645 553 2704 sunus
573 2641 607 2704 in
628 2639 729 2717 fide;'
752 2640 842 2723 quod
865 2640 1032 2703 Saecularc
1054 2640 1151 2703 ctiam
1168 2659 1189 2702 a

100 2741 182 2805 viris
200 2743 308 2806 doctis
327 2744 471 2825 pessime
491 2741 702 2819 inscribitur3
725 2760 801 2804 cum
822 2741 906 2805 nibil
925 2741 972 2803 ibi
995 2739 1038 2802 de
1054 2739 1189 2803 Saeculo

100 2840 274 2918 habeatur,
288 2843 382 2925 isque
396 2844 452 2907 din
469 2842 556 2905 diem
573 2842 693 2905 obierit
710 2850 787 2905 ante
807 2842 905 2904 ludos
920 2838 1060 2920 Augusti
1076 2840 1190 2904 Saecu-

99 2942 193 3005 lares.
237 2943 324 3007 Tum
345 2952 379 3008 et
402 2961 442 3007 ιι.
467 2945 518 3006 17.
533 2941 590 3005 Ad
615 2943 834 3005 Maecenatem
861 2947 1030 3020 aegrotum,
1053 2940 1188 3004 immani

100 3043 366 3123 parachronismo
396 3044 439 3107 ad
468 3042 601 3105 Horatii
630 3060 754 3105 aunum
782 3057 841 3103 ιν.
866 3041 953 3101 ultra
979 3039 1053 3100 libri
1081 3041 1190 3118 quarti

102 3147 250 3224 tempora
263 3145 439 3226 ablegant3
460 3142 561 3224 idque
575 3143 642 3205 levi
666 3148 701 3203 et
722 3140 809 3201 sutili
831 3143 1034 3217 argumento,
1048 3137 1134 3215 quod
1148 3156 1189 3198 eo

100 3259 184 3305 auno
198 3247 354 3309 continua
375 3244 543 3306 insomnia
565 3243 682 3303 vexari
704 3239 842 3317 coeperit
867 3236 1038 3297 Maecenas
1052 3234 1190 3296 triennio

98 3352 175 3407 ante
202 3346 289 3408 diem
320 3344 474 3419 fatalem;
505 3341 602 3422 quasi
630 3358 706 3402 vero
734 3356 801 3400 non
826 3338 901 3419 plns
932 3335 1032 3397 semel
1060 3334 1094 3396 in
1123 3342 1191 3397 tam

97 3441 200 3520 longa
212 3445 284 3506 vita
298 3443 520 3526 aegrotaverit,
537 3459 634 3523 quem
651 3439 782 3502 Plinius
798 3437 912 3520 Major
933 3451 999 3499 vn.
1014 3435 1067 3498 51.
1091 3439 1191 3517 ‘per-

99 3551 205 3624 petua
234 3540 337 3602 tebre’
366 3545 409 3606 ab
438 3543 666 3608 adolescentia
697 3541 868 3605 laborasse
895 3537 1042 3601 tradidit.
1103 3534 1190 3596 Illud

98 3660 196 3706 vero:
233 3657 275 3701 rr.
304 3640 374 3702 Sat.
401 3643 432 3703 6.
463 3647 514 3705 55.
557 3642 696 3719 ‘Quidl
728 3642 891 3704 militibus
920 3637 1089 3720 promissa
1117 3633 1191 3696 Tri·

99 3751 217 3825 quetra
229 3739 366 3804 Praedia
380 3738 555 3816 eamean
570 3748 620 3804 est
634 3742 721 3804 Itala
736 3742 854 3802 tellure
871 3734 1043 3800 daturusl’
1064 3754 1143 3808 nou,
1155 3740 1190 3797 ut

99 3843 226 3918 volunt,
249 3839 293 3905 ad
319 3858 459 3922 pugnam
489 3838 676 3916 Actiacam,
705 3856 891 3919 annumque
920 3836 1036 3898 Flacci
1063 3849 1188 3895 xxxv.

99 3940 299 4005 referendum
331 3945 414 4015 erat,
443 3959 503 4004 uec
533 3940 575 4003 ad
605 3941 863 4020 Philippensem,
890 3952 1051 3996 annomve
1081 3950 1188 3994 xxiv.

100 4043 224 4125 quippe
247 4043 287 4105 de
301 4059 455 4124 agrorum
469 4039 629 4106 divisione
642 4041 697 4103 hic
711 4040 829 4120 agitur,
845 4053 922 4116 quac
948 4040 1027 4114 post
1042 4034 1190 4096 Siculam
