2408 4200
405 292 612 340 cunutuuu
636 292 709 342 nra.
731 293 755 339 t.
777 277 830 342 12.

188 434 238 499 Te
253 432 358 498 minor
370 433 472 497 latum
487 439 576 514 reget
590 452 712 516 aequus
727 437 856 499 orbem:

188 533 242 596 Tu
256 535 347 614 gravi
361 551 456 597 curru
472 533 604 615 quaties
619 533 818 617 Olympum3

189 633 242 695 Tu
257 652 371 714 parum
386 633 491 696 castis
505 633 640 695 inimica
653 633 766 697 mittes

446 733 598 796 Fulmina
612 734 712 797 lucis.
1107 743 1150 807 60

61 937 152 997 quiden
162 940 330 1000 inferioritate
342 937 483 1000 nbersobt't
492 939 533 987 ille
549 939 611 985 luae
621 939 699 986 orben
708 939 824 999 nuptam:
841 943 867 986 tra
882 953 938 986 cero
948 943 1068 990 tremata
1077 954 1149 990 cum

60 1003 141 1050 cotan
150 1004 281 1061 tonatim
291 998 318 1052 ir
328 1001 449 1062 inserturus
458 1002 628 1050 emominotor
637 1001 702 1049 lucos
711 1001 817 1049 tonitruo
827 1001 938 1050 mbrsbb.

517 1139 697 1160 meumm

61 1252 137 1298 unua,
144 1239 259 1288 Lambini
272 1240 381 1302 aliquot,
393 1245 420 1288 et
431 1251 464 1288 es
475 1208 571 1289 nostris
582 1238 753 1300 Battelianns,
764 1238 840 1287 Bodl.
851 1238 1061 1301 Magdaleuenais
1072 1255 1086 1288 r
1097 1241 1150 1303 pri·

61 1316 105 1350 naa
115 1317 200 1357 manu,
212 1303 379 1351 Colbertinur
392 1317 438 1365 pro
450 1303 520 1350 varia
532 1303 652 1358 lectione,
662 1305 755 1359 larun,-

785 1302 834 1350 uod
846 1302 981 1350 Torrentio
992 1310 1020 1351 et
1029 1305 1150 1353 Dariorio

60 1365 141 1426 magis
154 1368 249 1426 placet.
283 1366 430 1427 Utrumque
448 1380 508 1413 sano
524 1367 630 1414 tolerari
643 1372 737 1426 potest.
766 1318 879 1413 itectius
893 1375 979 1414 tamen
991 1366 1062 1414 lutum
1074 1373 1151 1427 reget,

61 1436 91 1476 nt
102 1429 259 1477 vetustiores
277 1429 371 1490 quique
389 1427 467 1476 libri!
483 1429 564 1477 Bentl.
600 1431 680 1477 intent
699 1429 793 1476 babent
812 1429 888 1476 etium
907 1437 958 1476 tres
979 1429 1055 1478 codd.
1073 1431 1149 1478 Bers-

61 1492 160 1548 manni,
171 1492 221 1539 duo
240 1492 311 1552 Lips.
322 1491 384 1540 Sar.
399 1491 451 1540 Au.
463 1495 488 1539 2.
500 1492 579 1540 Brod.
592 1493 665 1540 Harl.
677 1496 702 1540 8.
713 1497 738 1539 b.
757 1500 784 1539 et
804 1493 918 1540 nonnulli
937 1493 968 1541 lt.
980 1492 1070 1554 Stepb.
1090 1508 1149 1542 eum

63 1553 123 1600 edd.
135 1554 244 1602 Veneti.
256 1558 328 1603 1477.
341 1557 412 1603 1⁴⁷8.
429 1554 497 1618 quod
515 1556 608 1618 probat
621 1556 760 1603 Gernerus.
794 1553 902 1602 Arcens.
913 1563 940 1604 et
952 1555 1060 1604 Laudin.
1072 1562 1150 1616 regat,

61 1617 232 1680 probantibus
251 1617 353 1666 Fabric.
374 1627 401 1667 et
418 1616 597 1667 Bonum-58.
612 1622 645 1666 59
662 1618 692 1666 lu
712 1618 804 1666 iisdem
824 1618 1063 1680 quotins...rnittur,
1080 1619 1149 1683 quod

64 1680 153 1743 placat
163 1682 246 1731 eidem
259 1682 360 1730 Febric.

550 1790 656 1840 NOTAE

61 1884 118 1932 dam
137 1887 234 1935 vellera
250 1888 392 1949 molientes,
409 1903 442 1937 ex
462 1888 584 1949 lanugine
626 1888 755 1949 tendam3’
782 1889 826 1952 (ex
848 1888 954 1937 Suetom
975 1889 1069 1938 Octav.
1089 1904 1148 1951 cap.

62 1964 90 2005 et
110 1957 207 2022 liquore
226 1961 333 2010 mixtam
355 1962 523 2012 subtilitatem
546 1970 584 2011 ta·

63 2031 196 2080 uerrimam
205 2036 584 2098 pectuntnenterquesnbteg·

62 2105 131 2153 mina
143 2106 283 2157 conficiunt
294 2109 412 2170 sericum,
420 2111 450 2158 ad
461 2126 533 2159 usum
541 2126 585 2159 au-

63 2181 138 2230 tehac
155 2182 287 2245 nobilium,
306 2198 373 2233 nuuc
392 2186 468 2234 etiarn
487 2185 584 2234 intimo·

64 2268 119 2301 rum
131 2255 185 2305 sine
203 2259 251 2305 ulla
271 2258 424 2308 discretione
442 2259 584 2322 proficiens.

61 2328 116 2392 Ipsi
132 2339 224 2393 praeter
239 2342 340 2384 ceteros
354 2335 527 2398 imgalissimi,
541 2351 586 2399 pa·

61 2404 162 2454 catiorir
176 2408 235 2456 vitae
245 2409 379 2471 cultores,'
389 2414 437 2459 dcc.

625 1962 680 2025 tl.)
690 1979 831 2026 quanquam
851 1963 963 2011 Parthos
979 1963 1057 2012 etiam
1070 1965 1149 2012 nomi·

625 2038 674 2088 nis¹
684 2038 723 2084 aui
743 2037 881 2101 splendore
896 2035 1014 2084 similiter
1029 2038 1150 2096 perculit,

625 2126 763 2174 eorumque
773 2111 894 2159 ferociam
905 2111 959 2157 aine
972 2110 1048 2157 armis
1060 2109 1151 2169 inegit5

626 2191 741 2233 attamen
753 2186 795 2233 ille
805 2199 849 2232 seu
862 2184 933 2232 ituris
949 2184 974 2230 in
989 2183 1043 2231 dies
1062 2184 1150 2231 trium·

627 2261 683 2321 piris
703 2267 835 2321 augeatur,
855 2273 900 2305 eeu
919 2265 960 2306 tot
980 2258 1087 2319 populos
1102 2258 1151 2306 sibi

627 2336 760 2397 subjectos
786 2343 884 2394 cernat,
911 2347 1040 2395 uunquam
1065 2339 1150 2381 tamen

626 2410 722 2457 animos
739 2409 805 2456 ultra
823 2421 897 2470 qnam
917 2405 955 2454 ias
971 2414 1011 2455 est
1027 2406 1151 2467 superbos

93 2478 176 2541 ludos]
188 2481 285 2530 Horum
297 2485 369 2546 regio
380 2483 455 2532 India
463 2483 533 2532 Asine
545 2491 586 2531 est
626 2487 709 2534 tollet.

62 2553 94 2601 sd
104 2553 196 2602 Ortum
209 2558 363 2618 amplissima
380 2559 412 2607 sb
431 2557 497 2605 Indo
508 2556 585 2605 durio
658 2558 757 2621 laton]
768 2558 861 2622 Virgil.
872 2556 970 2606 AEneid.
981 2570 1000 2606 ι.
1011 2560 1067 2606 282.
1085 2558 1092 2585 ‘
1103 2557 1149 2606 His

61 2625 146 2677 dicta:
165 2629 257 2692 Gange
272 2630 351 2681 flureio
366 2634 428 2682 item
440 2635 586 2693 rigatum
626 2648 673 2695 ego
693 2648 740 2683 uec
759 2642 842 2682 metas
863 2647 957 2690 rerum,
974 2645 1022 2679 nec
1034 2639 1150 2695 tempora

60 2700 186 2750 scinditur
196 2705 293 2754 media:
311 2707 343 2755 ab
365 2707 433 2754 Ortu
452 2708 527 2755 Sinus
545 2707 586 2753 ba·
626 2709 709 2770 pono!
743 2710 842 2770 Legunt
862 2708 904 2755 alii
923 2709 1012 2767 latum,
1031 2709 1148 2757 nimirum

63 2773 119 2832 bet,
138 2790 153 2823 a
169 2777 359 2839 septemtrione
381 2780 536 2839 Tartariam,
554 2779 586 2827 ab
627 2783 659 2831 ob
688 2782 874 2846 ‘equitatem'
896 2782 1015 2842 Augurii,
1037 2783 1080 2844 qni
1103 2783 1148 2844 jus

63 2848 166 2899 Occtsu
191 2854 311 2911 Persian»,
332 2854 365 2902 ab
386 2853 480 2902 Austro
502 2855 586 2903 Ocra·
626 2874 724 2908 summa
735 2860 841 2907 lenitate
860 2857 957 2918 pariter
966 2871 996 2903 ac
1014 2856 1150 2920 diligentia

61 2938 121 2988 num
134 2925 259 2976 indicum.
279 2928 357 2976 Parte
368 2929 586 2992 Septemtriouali,
626 2931 720 2982 dirime
733 2934 854 2980 scribitur
863 2930 995 2978 stretoniu.

61 3001 130 3051 iuter
142 3003 259 3067 Gangem
272 3011 299 3052 et
310 3005 402 3054 ludum
414 3004 515 3060 fluvios,
526 3019 586 3053 con·
658 3012 690 3054 58
709 3006 743 3052 Tu
751 3004 820 3062 muci
830 3018 900 3050 curru
910 3003 1003 3064 quoties
1015 3005 1151 3065 Olympum]

61 3076 158 3126 tinetur
173 3080 250 3126 bodie
267 3079 408 3140 Imperium
428 3079 514 3140 magni
531 3079 587 3124 Mo·
626 3080 667 3127 Tu
679 3080 704 3124 in
717 3077 781 3122 coelo
794 3075 922 3132 regnabis,
931 3073 1041 3131 indeque
1054 3073 1151 3120 tonitru

63 3150 137 3210 gotis,
155 3152 180 3197 in
199 3167 250 3212 quio
271 3161 434 3199 numerantur
446 3151 587 3211 provinciae
628 3155 653 3201 in
672 3154 729 3197 haec
747 3147 841 3204 infime,
852 3160 909 3191 cum
922 3145 1000 3190 fueris
1017 3147 1150 3206 adjustum

63 3221 170 3282 triginta
181 3231 281 3282 septem
292 3226 353 3270 satis
365 3226 465 3283 amplae.
631 3229 785 3286 provocatus
807 3220 880 3275 iram,
900 3216 1018 3264 vibrabis.
1051 3218 1151 3282 Nempe

95 3297 127 3341 57
148 3294 181 3341 Te
194 3293 272 3340 minut
287 3295 359 3341 lulum
375 3299 441 3353 reget
458 3307 537 3353 oeqeur
553 3307 591 3338 vr·
631 3298 721 3358 vulgur
734 3293 885 3356 opinabatur
900 3305 915 3338 e
932 3305 1008 3339 curru
1019 3291 1092 3340 savis
1104 3307 1152 3341 cre.

63 3370 122 3427 bern,
138 3369 191 3432 dtu]
208 3369 305 3417 Sensus
324 3377 381 3418 eat:
399 3367 532 3439 Atrguatus
547 3379 591 3412 au·
630 3372 682 3418 ium
702 3368 834 3431 quatiente
855 3366 960 3416 formari
984 3367 1108 3425 tonitrua,
1125 3373 1152 3415 et

64 3452 126 3500 tem¹
143 3458 159 3492 o
175 3445 288 3506 Jupiter,
297 3446 333 3494 uic
344 3447 431 3494 orbem
444 3447 511 3493 bunc
524 3441 590 3490 inte·
630 3446 697 3493 mitti
709 3443 824 3492 uumina.

64 3520 167 3579 riorem,
180 3519 216 3565 ita
229 3519 369 3569 volentibus
387 3520 456 3581 satis,
468 3526 549 3582 reget,
560 3527 588 3568 ut
659 3525 691 3570 5⁹
708 3520 742 3568 Tu
757 3533 838 3582 purum
857 3519 936 3578 cattia,
952 3516 1006 3578 ise]
1024 3514 1151 3565 Quoniam

64 3609 91 3641 se
109 3602 183 3656 geret
204 3605 304 3652 semper
323 3596 445 3642 minorem
465 3604 501 3654 te,
519 3594 587 3642 sicut
627 3595 676 3644 luci
699 3595 755 3643 Diis
777 3593 842 3640 sacri
860 3593 1030 3648 habebantur,
1044 3590 1113 3649 iiiuc,
1131 3589 1152 3638 ai

63 3671 142 3720 decet
158 3677 185 3718 et
206 3683 306 3732 aequum
319 3679 365 3719 est.
398 3673 432 3718 Et
443 3686 586 3734 quiunquam
626 3672 712 3733 aliquo
725 3669 822 3717 scelere
832 3684 861 3714 ac
872 3665 969 3727 flagitio
983 3666 1007 3710 in
1021 3664 1050 3709 iis
1061 3677 1152 3723 perpe·

64 3747 183 3795 laudibus
208 3745 319 3794 onmium
341 3747 396 3808 jam
419 3743 533 3803 effertur,
559 3753 587 3794 et
626 3755 694 3795 trato
707 3743 872 3792 contaminati
884 3748 978 3798 esseut,
994 3739 1067 3788 Jouis
1083 3740 1151 3788 esci.

65 3819 587 3882 ‘virtutismoderationisquesamaludos
627 3821 675 3869 tari
696 3817 836 3865 credebant
856 3814 978 3871 furorem,
1000 3821 1026 3858 et
1048 3814 1150 3861 sacrile-

66 3899 141 3946 etiam
153 3913 183 3945 ac
194 3896 312 3958 Scythas,
331 3895 420 3943 auditu
437 3895 511 3942 modo
527 3909 587 3956 cog·
626 3896 694 3956 gium
706 3888 924 3945 vindicari‚mirso
936 3884 1050 3932 fulmine.
1074 3886 1149 3937 Unde

68 3977 141 4036 nitor,
150 3975 259 4041 pellexit
269 3972 300 4021 ad
309 3972 446 4020 amicitiam
456 3985 524 4019 suam
537 3972 588 4019 Po·
627 3979 654 4018 et
664 3964 819 4027 satagebant
830 3962 932 4022 expiare
952 3961 1045 4019 locum,
1061 3971 1088 4012 et
1099 3980 1149 4014 cue·

69 4052 169 4115 pulique
181 4049 288 4100 Romani
299 4049 367 4096 ultro
380 4045 533 4108 perlegatur
545 4056 588 4107 pe·
628 4045 662 4093 sis
673 4040 763 4090 hostiis
779 4037 892 4085 Numinis
901 4037 963 4086 iram
976 4036 1085 4099 placare.
