2408 4200
415 254 450 314 Q.
474 250 632 300 nourrii
659 250 789 300 unioni

506 518 604 585 ODE
626 516 741 584 xx1.

54 719 135 771 anat
146 725 186 768 ter
196 732 287 768 uorem
298 718 397 768 nobiles
409 731 504 782 pueroe
520 723 599 783 atque
611 715 709 778 puellae
718 713 834 777 Apollini
846 713 985 774 albione,
1001 712 1027 761 in
1043 724 1149 776 quorum

87 798 180 849 Tutela
192 798 332 862 Imperium
344 798 377 846 P.
391 799 422 847 R.
439 803 507 857 erat,
519 797 650 859 Hymnum
663 809 708 859 pro
719 794 896 845 incolumitate
908 794 983 857 unjna
995 791 1101 854 Imperii
1112 800 1150 837 et·

87 893 140 943 que
152 878 389 942 Augustianorum,
401 875 479 927 Ludit
488 876 671 940 secularium,
683 883 713 925 at
724 876 785 926 Vel.
795 875 943 924 Scholiaeta
959 871 1078 930 videtum
1097 869 1150 919 tor·

87 964 156 1008 tatae
167 958 256 1008 borum
269 959 356 1008 Natali
367 957 419 1006 die.
451 955 537 1021 (Nihil
554 956 595 1007 liic
607 962 657 1016 eat,
668 956 737 1020 qued
751 955 783 1005 etl
803 954 891 1006 nudos
907 955 1048 1004 baculam
1058 964 1152 1000 conve·

87 1039 152 1097 nial,
160 1038 220 1100 quin
232 1052 304 1101 eaque
314 1036 446 1086 commode
454 1036 485 1085 ad
497 1035 674 1101 quodcumque
683 1050 782 1085 oacrum
793 1035 919 1098 Apollinia
933 1048 963 1083 ac
972 1033 1063 1081 Dianae
1072 1038 1152 1094 queat

87 1115 186 1165 referri.
220 1116 316 1166 Chorus
328 1130 464 1179 puerorum
476 1121 504 1164 et
519 1116 659 1179 puellarum
677 1115 704 1164 in
716 1115 773 1163 aliie
784 1127 885 1180 quoque
896 1112 977 1163 oacrio
989 1124 1055 1167 erae,
1072 1109 1151 1158 docet

89 1208 115 1246 v.
125 1212 150 1259 g.
160 1211 199 1246 ιν.
211 1195 263 1246 Od.
276 1200 300 1246 l.
312 1199 352 1246 25.
370 1193 460 1255 cm.)

185 1325 345 1389 Drinum
363 1332 485 1388 tenerae
503 1324 605 1388 dicite
620 1325 774 1406 virgines,

186 1425 371 1503 Intonsum‚
389 1425 492 1507 pueri,
509 1424 610 1488 dicite
625 1423 819 1507 Cynthium,

88 1596 175 1646 Meua
189 1597 281 1660 puella,
292 1600 370 1648 urite
381 1599 485 1647 Μαι
492 1611 502 1653 ,·
516 1596 691 1659 mummi,
705 1597 784 1644 canuc
794 1597 927 1658 Apollinem
938 1595 1061 1656 minium,
1071 1598 1094 1641 et
1107 1591 1152 1640 la·

87 1861 153 1910 Port
164 1861 322 1910 Scirol‘ianten
337 1861 466 1910 Acronum
479 1863 594 1925 plurimi,
605 1870 634 1910 ut
651 1863 755 1910 Marion
774 1868 802 1910 et
822 1862 935 1911 Baiter.
953 1861 1027 1908 lrauc‘
1040 1859 1117 1908 Odon
1129 1860 1154 1906 iri

56 1921 135 1973 Ludis
147 1925 321 1974 Sacrrlaribna
338 1933 467 1974 cantatum
489 1940 546 1974 esne
567 1934 677 1989 putant;
695 1936 722 1973 et
742 1927 905 1982 sandonus,
924 1938 1000 1989 qrrcnr
1018 1922 1108 1973 bouca-
1127 1935 1155 1972 et

57 1989 171 2038 Francia.
184 1997 335 2052 aequuntur,
347 1990 416 2038 illam
429 1990 533 2038 tertiam
552 2001 652 2051 partem
671 1991 756 2039 Carm.
774 1991 899 2038 Sucular.
916 1988 990 2036 facit.
1021 1987 1088 2035 Vide
1103 1987 1152 2034 Ar-

56 2067 125 2114 gum.
135 2054 293 2103 Curm.Saec.
319 2055 468 2117 Epigraplre
481 2055 506 2101 in
519 2054 652 2102 veteribua
661 2054 791 2103 Torrentil
804 2055 936 2113 limitent,
949 2052 1059 2114 Hom
1069 2052 1094 2099 la
1108 2052 1154 2099 Di-

55 2125 159 2166 uuarnei
172 2120 320 2180 Apollinem,¹
354 2134 417 2166 rruua
435 2118 552 2181 ejusdem
576 2119 663 2178 habet,
680 2119 793 2182 Hymetio
809 2121 839 2166 ud
861 2119 966 2165 Cborum
984 2120 1013 2165 dc
1032 2116 1112 2163 Diuuu
1131 2123 1154 2163 et

56 2184 164 2241 Apolline
171 2198 180 2239 ,·
197 2184 222 2230 in
235 2185 292 2231 aliia
303 2183 380 2231 codd.
394 2185 433 2231 De
444 2183 622 2244 Apollinaribus
632 2198 641 2239 ;
659 2184 724 2240 nive,
741 2192 769 2230 ut
791 2183 845 2230 uruit
866 2182 1014 2234 Lambinus,
1033 2180 1152 2227 Seculare

58 2247 177 2303 Curmen,·
201 2248 244 2296 alii
256 2264 298 2310 ap.
309 2247 326 2298 J
330 2249 378 2309 ani,
396 2248 434 2295 Au
453 2247 587 2308 Apollinem
605 2253 628 2294 et
640 2247 744 2294 Dianam
755 2248 807 2293 luuo
816 2260 940 2306 puerorum
952 2249 975 2292 et
986 2246 1151 2303 oii·ginurn.-

550 2390 657 2437 NOTAE

87 2502 200 2547 Mettum
214 2502 279 2548 idern
292 2500 358 2562 quod
372 2513 446 2561 supra
460 2499 518 2547 Ode
531 2514 555 2546 v.
624 2501 699 2549 batur
720 2500 874 2548 cantandum
897 2499 1007 2546 Carmen
1030 2498 1055 2544 in
1075 2499 1152 2546 liono-

87 2575 192 2633 Triplex
216 2573 284 2633 apud
313 2573 448 2621 Horatium
471 2574 582 2623 Carmen
624 2590 675 2623 rein
687 2574 1152 2638 Deorum,quia‘castuplacentSu·

54 2647 182 2696 Seculare
196 2647 344 2707 inscriptum
359 2650 473 2709 legimns.
497 2652 581 2699 Unum
626 2649 714 2713 perir!

55 2731 141 2770 tumen
172 2721 247 2770 Ludis
270 2723 441 2772 Sacrilaribus
460 2725 582 2776 decanta·
655 2730 671 2774 ἢ
694 2726 828 2787 intumum]
854 2724 969 2772 Pindaro
990 2720 1152 2783 ἀκειρσκόμην,

57 2807 126 2856 tum3
138 2797 200 2844 illud
211 2812 304 2860 nempe
316 2799 382 2861 quod
395 2807 435 2846 eat
446 2810 502 2861 pout
515 2803 583 2863 Epo·
624 2816 668 2848 nou
680 2816 733 2848 rum
744 2801 835 2862 eupillo.
871 2800 997 2848 Nimirum
1015 2798 1049 2846 ob
1067 2798 1152 2846 radios

56 2874 115 2921 dou:
143 2872 194 2919 ulia
214 2871 273 2930 diro,
292 2873 334 2933 (ut
351 2874 440 2922 volunt
459 2875 583 2937 quiderm)
622 2879 735 2925 coloreo:
750 2878 807 2924 vide
822 2874 941 2924 Macrob.
954 2882 1013 2922 ante
1023 2874 1068 2921 cit.
1081 2881 1108 2920 et
1120 2874 1153 2919 ob

55 2949 103 2995 hoc
123 2947 231 3008 scilicet,
247 2957 274 2995 et
287 2948 345 2995 Ode
357 2962 395 2996 vr.
413 2950 483 2996 Libri
497 2953 582 3011 quarti
623 2960 773 3011 perpetuam
786 2952 961 3010 juventutem.
990 2947 1084 2994 Tibull.
1098 2960 1115 2992 r.
1129 2952 1154 2995 t.

56 3023 123 3070 ludis
140 3021 340 3084 Apollinaribus,
356 3024 389 3071 de
410 3038 517 3086 qnorum
535 3026 583 3072 ori·
623 3029 663 3073 36.
673 3027 680 3051 ‘
692 3025 758 3072 Solia
770 3031 868 3071 mterua
879 3031 918 3069 est
929 3021 1027 3067 Plroelro
1041 3020 1155 3067 Bacclro·

56 3099 114 3158 gine
131 3097 187 3145 fuae
203 3098 306 3146 dinarii
325 3100 474 3147 Macrobius
493 3101 582 3148 Satiu-
623 3100 823 3162 qnejuventun:
841 3100 875 3147 Et
888 3099 964 3145 decet
976 3098 1092 3144 intonans
1104 3099 1155 3144 cri·

56 3174 107 3220 nul.
128 3186 145 3222 r.
166 3178 203 3221 tt.
240 3175 285 3220 Eu
306 3174 444 3236 lricigitur
465 3174 582 3236 Hymnus
622 3172 929 3237 nieutrumqueDeunr.'

57 3249 168 3309 Apollini
182 3255 207 3296 ct
220 3251 312 3296 Diuum
326 3251 381 3298 Diir
397 3252 545 3298 averruncie
556 3260 582 3300 et
656 3250 740 3312 Pueri]
757 3251 814 3299 Liv.
827 3250 872 3298 lib.
887 3262 969 3298 xxxi.
980 3256 987 3276 ¹
999 3248 1109 3296 Carmen
1122 3250 1154 3297 eb

55 3322 201 3381 ἀλεξικάκοις
213 3325 358 3382 dedicatus,
370 3336 397 3373 ut
411 3327 475 3373 mala
488 3328 511 3374 in
525 3327 581 3374 lios·
623 3334 664 3375 ter
673 3330 777 3376 novenis
788 3329 929 3390 virginibus
939 3326 996 3373 caui
1009 3340 1055 3386 per
1066 3327 1154 3373 urbem

57 3410 96 3448 tes
119 3408 247 3457 avertant,
269 3400 367 3460 Populo
389 3416 449 3448 vero
469 3403 581 3451 [lornano
618 3402 769 3463 jnanerunt.'
799 3405 830 3448 Et
844 3403 887 3449 lib.
903 3414 1019 3448 xxxvii.
1037 3404 1044 3428 ‘
1059 3402 1154 3449 Decern

56 3475 229 3534 securitatem,
256 3476 405 3532 seruitutem,
427 3476 581 3540 sumiturque
623 3477 736 3538 ingenui,
748 3477 837 3523 decern
852 3477 974 3538 virgines,
987 3477 1089 3539 patrimi
1102 3492 1153 3523 oni·

55 3550 239 3598 abundantium
252 3549 417 3608 impertiant:
438 3549 581 3609 Augustum
624 3566 669 3599 nes
679 3553 852 3613 mutilumque,
861 3554 892 3599 ad
906 3554 930 3600 id
943 3553 1097 3601 sacrificium
1110 3553 1152 3598 ad·

55 3633 138 3671 antem
160 3622 307 3683 Principem
328 3623 372 3669 diu
392 3635 504 3671 servent.
543 3626 582 3671 De
624 3625 1151 3675 lribiti.'Zosiruueilietor.Neratium.

55 3699 180 3745 Saecirlari
194 3698 313 3745 Carmine
327 3699 399 3757 plura
411 3713 457 3745 etro
469 3699 533 3746 loco,
624 3701 694 3746 ‘'l'cr
706 3714 796 3747 tuorem
816 3704 887 3762 pueri
901 3704 1021 3759 illustror,
1035 3701 1152 3748 totidem-

90 3773 236 3832 lDiuuuru]
260 3772 333 3819 Hanc
345 3773 410 3821 sorte
424 3775 533 3835 priorem
547 3774 584 3821 in·
624 3775 806 3836 quepuellrm'
836 3777 908 3823 Plau.
926 3777 1052 3836 Vopiscus
1070 3772 1152 3819 Aure-

57 3857 139 3907 vocut‚
150 3850 207 3909 quin
219 3849 289 3910 prior
300 3857 360 3896 nata
372 3851 524 3909 parturienti
535 3849 584 3896 sru-
625 3850 685 3895 lieu.
706 3851 713 3875 ⁴
729 3849 849 3897 l'atrinrls
871 3850 1043 3908 uratrimisque
1064 3848 1151 3906 pueris

58 3927 121 3966 ticin
140 3925 266 3981 patruinum
280 3925 424 3986 Apollinem
443 3925 516 3972 irrutri
537 3927 584 3972 Lu·
625 3924 735 3971 Carmen
747 3924 872 3971 indicite!

57 4002 122 4041 tunm
142 3999 286 4047 obstetricia
304 4000 414 4047 officium
432 4001 584 4062 praestitisse
658 3998 738 4046 Dicite
761 3999 900 4061 Cynthium]
933 3993 1088 4056 Apollinem,
1110 3998 1152 4059 qui

57 4071 147 4118 sertin.
182 4074 397 4135 Diciteoirgium]
416 4077 463 4122 Hie
482 4076 583 4124 martula·
624 4071 1152 4135 nutueapudCynttruurmonteniinDelo
