2408 4200
50 259 115 325 aot
398 278 446 336 η.
470 275 626 326 nonanti
652 278 783 328 ruaoor

179 414 259 479 Non
275 415 431 482 indecoro
445 419 581 501 pulvere
595 418 751 482 sordidos
764 437 773 497 ;

221 515 264 580 Et
278 524 571 582 cunctatorrarum
588 519 741 593 subacta,
829 531 833 537 ·

263 617 393 682 Praeter
406 623 553 684 atrocem
570 619 714 682 animum
730 619 881 684 Catonis.

48 781 110 842 εἰμι
118 781 221 842 glorioso
232 782 327 844 pulnere
336 782 469 843 maaiidm
486 794 618 841 omnemque
636 785 754 829 terraram
764 781 841 830 orbem
850 780 972 844 amaon,
983 787 1077 843 excepto
1090 781 1137 830 Ca·

51 1006 83 1050 28
103 1003 141 1050 Ea
150 1006 233 1051 cancta
245 1001 307 1050 Var.
317 1000 393 1050 Lect.
404 1013 446 1064 ap.
457 999 612 1050 Jonas-25
628 1001 694 1048 Jaao
706 999 811 1049 Deorum
821 1001 899 1049 Desa.
910 1005 935 1049 2.
952 1002 1062 1063 qaicqnd
1077 1000 1138 1049 arai·

540 1127 647 1178 NOTAE

51 1224 167 1288 pralium
183 1224 300 1274 oratione
317 1224 456 1274 incitantes
467 1225 575 1273 militnm
615 1223 856 1285 interpretationem
877 1238 935 1272 mox
955 1223 1070 1282 alisiam,
1085 1225 1139 1284 pat·

52 1300 148 1348 animoa
157 1298 326 1360 virtutemque
335 1304 466 1355 acuentes,
478 1298 576 1361 poilici-
615 1312 691 1346 amera
708 1298 808 1361 accipe,
823 1299 848 1346 in
866 1312 917 1361 qun
932 1297 1080 1345 roiutantur
1095 1311 1139 1345 oc·

50 1374 85 1421 tia
97 1372 173 1421 etiam
184 1378 212 1420 et
222 1372 574 1434 obtestationibuaadhihitia.
614 1373 764 1422 cumhenter
777 1387 824 1435 pro
838 1374 922 1435 patria
933 1378 959 1421 et
968 1372 1091 1419 libertate
1102 1371 1139 1418 ci·

50 1449 156 1497 Sueten.
176 1448 230 1497 Jul.
252 1448 347 1496 Caeaar.
370 1462 428 1511 cap.
445 1452 486 1498 88.
502 1449 575 1499 ‘Pro
615 1448 693 1496 vium.
726 1449 794 1496 Vide
806 1463 825 1496 r.
838 1448 888 1497 Od.
901 1453 924 1496 l.
936 1452 960 1496 8.
976 1453 1003 1495 et
1020 1445 1078 1495 Ode
1091 1458 1138 1493 xv.

50 1524 172 1571 concione
182 1520 259 1569 fidem
271 1522 379 1572 militurn
388 1521 452 1570 deus
460 1537 490 1570 ac
502 1530 575 1572 reste
614 1536 651 1571 va.
663 1527 704 1570 ²⁰.

52 1602 184 1656 spectare
194 1594 300 1641 discissa
310 1596 449 1645 invocavit.
480 1596 574 1644 Existi·
646 1599 677 1642 24
695 1596 1016 1646 Proeterutrocemonimam
1029 1597 1138 1657 cuono]

51 1667 224 1716 matur-etiam
239 1673 375 1729 equestres
393 1682 485 1715 cenans
502 1669 573 1728 poili·
616 1668 680 1716 Cato
701 1669 769 1731 apud
790 1671 894 1718 Uticam
914 1671 1021 1717 interire
1041 1670 1139 1730 maluit,

51 1746 119 1793 citus
141 1743 256 1806 singulis,
277 1755 323 1805 per
341 1756 404 1806 quoa
422 1742 573 1805 dignitatem
615 1755 690 1804 quam
705 1743 815 1791 hortium
832 1744 933 1803 patria,
947 1745 990 1804 qui
1004 1743 1059 1802 jam
1072 1744 1139 1790 rice-

52 1834 122 1868 anam
134 1818 286 1867 defensurus
297 1818 384 1879 eraet‚'
394 1822 442 1867 &c
471 1820 521 1868 Vel
532 1836 574 1870 aa·
614 1822 673 1862 rant
685 1822 761 1878 atquae
774 1816 858 1862 omnia
870 1828 942 1875 pane
955 1814 1088 1869 tenebant,
1100 1814 1140 1861 t'a-

51 1895 368 1943 dircoideeraeearictoe
383 1896 574 1958 partiambac.
615 1891 680 1939 ciem
693 1891 789 1939 ridere.
823 1892 956 1940 Plutarch.
969 1891 1002 1938 de
1013 1904 1045 1939 eo
1054 1891 1140 1939 Casan

50 1966 358 2018 tamdedenteacauaam
376 1970 516 2029 meliorem,
537 1977 575 2019 at·
615 1965 710 2014 dixisse
733 1972 867 2015 namiurt
894 1968 998 2014 ‘Tuam
1021 1980 1070 2025 03⁰
1092 1967 1139 2015 tibi

50 2059 100 2107 que
110 2044 296 2106 pessumdatam
306 2045 453 2094 libertatem
462 2052 490 2093 et
501 2046 576 2094 Rem·
614 2051 723 2092 mortem
743 2044 855 2104 invideo,
866 2043 942 2101 Cato,
959 2043 1018 2104 quia
1032 2050 1060 2089 tn
1079 2043 1138 2090 mihi

52 2119 191 2182 publicam.
613 2118 722 2165 salutem
744 2125 812 2166 tuam
836 2118 965 2166 invidisti!
1004 2118 1099 2164 Lucan.
1120 2132 1139 2165 r.

84 2193 188 2253 Mna-noa
205 2194 284 2254 dares]
302 2194 453 2256 Pompeium
473 2195 499 2243 iu
518 2196 574 2243 acie
614 2195 655 2240 28.
671 2193 790 2240 ‘Victrix
803 2207 882 2240 causa
892 2193 954 2240 Deis
967 2192 1078 2253 placuit;
1094 2192 1138 2238 aed

50 2271 200 2320 Pharsalica
221 2268 397 2335 profligatum:
423 2272 574 2333 Labienum,
615 2266 809 2314 vuarnestun:
841 2265 1139 2314 Flor.cit.'1nAfrica

51 2344 197 2404 Afranium,
213 2344 317 2405 Jubam,
335 2347 359 2392 iu
378 2345 480 2394 Africa:
498 2347 574 2393 Pom·
614 2352 672 2385 cum
683 2338 781 2386 civibus
799 2340 879 2386 multo
897 2340 1007 2386 atrocius
1025 2354 1101 2400 qurum
1114 2341 1138 2386 iu

51 2418 104 2480 peii
118 2417 197 2465 fitium
217 2420 244 2465 in
258 2418 384 2479 Hispania
400 2419 432 2465 nd
450 2418 573 2465 Mrrndam
614 2412 857 2461 Pharsalia...satis
874 2415 957 2475 ample
973 2416 1096 2461 sonabunt
1114 2416 1138 2461 in

52 2491 156 2537 urbem:
190 2491 296 2550 eJuaqne
329 2489 433 2534 fratrem
465 2489 573 2537 Sextum
615 2487 766 2549 Pompeiani
788 2488 896 2535 nominis
919 2488 1001 2535 locum
1025 2490 1091 2536 Cato
1111 2494 1138 2536 et

52 2562 212 2621 Pompeium,
224 2562 266 2621 qui
279 2560 397 2607 Corduba
410 2561 435 2608 iu
450 2562 573 2622 Siciliam,
614 2562 711 2623 Scipio.
753 2562 872 2611 Accessit
905 2565 984 2625 copiis
1013 2564 1139 2611 Maurita-

51 2643 79 2684 et
90 2635 147 2682 hinc
159 2634 186 2681 in
200 2633 286 2681 Asiam
305 2633 404 2696 fugiens
422 2637 525 2685 tandem
542 2638 574 2686 ab
614 2637 663 2684 nia
693 2652 738 2684 rex
760 2636 838 2696 Juha,
860 2638 980 2685 videlicet
1003 2645 1031 2684 ut
1062 2638 1138 2685 iatius

51 2707 404 2759 Antonianiaibicaesusest.
615 2713 732 2759 vinceret
754 2713 851 2760 Caeanr.
894 2713 963 2760 Nihil
986 2727 1047 2775 ergo
1071 2713 1139 2761 inter

83 2790 115 2833 22
138 2784 193 2831 Noa
215 2782 322 2830 indecoro
342 2784 436 2842 paleare
459 2787 575 2847 sordidos]
615 2785 775 2833 Pharsaliam
798 2795 824 2834 ct
854 2787 980 2848 Thapson,
1002 2787 1048 2834 nisi
1071 2787 1138 2850 quod

51 2855 572 2919 Inipsoconflictrr,madiaquaacieper
615 2861 732 2920 amplior,
758 2874 838 2922 eoqrre
866 2862 951 2908 acrior
979 2862 1139 2909 Caesariano·

51 2932 164 2992 singulos
192 2930 295 2978 ordines
318 2930 464 2977 discurrunt
494 2931 572 2978 inter·
614 2945 669 2978 rum
682 2934 791 2992 impetus
810 2935 867 2988 suit,
880 2935 1066 2994 indignantium
1081 2943 1139 2993 post

53 3004 112 3051 dum
132 3005 219 3064 duces,
236 3005 281 3052 hoa
304 3005 412 3066 illosque
424 3005 456 3052 ad
468 3011 571 3054 strenua
614 3006 764 3067 Pompeium
792 3008 904 3053 crevisse
929 3008 1138 3055 beilum...Ca·

53 3079 217 3141 pugnandum
245 3079 414 3127 adhortantur
440 3094 489 3127 non
518 3095 573 3128 ren
615 3087 641 3128 to
669 3095 719 3128 uon
749 3080 867 3128 interfuit
885 3080 969 3128 helio:
996 3081 1138 3142 positisque

53 3153 90 3200 bis
112 3155 191 3201 solum
210 3154 254 3201 aed
273 3160 301 3200 et
318 3156 447 3215 exemplo,
463 3156 573 3217 glorioso
615 3155 682 3215 apud
694 3155 839 3215 Bagradam
851 3155 940 3203 castris
952 3155 1055 3202 Uticam
1069 3157 1138 3203 reiut

53 3227 158 3290 proinde
169 3229 216 3290 ipsi
227 3231 480 3291 pulverecouspersi.
497 3230 573 3292 Apud
615 3231 697 3277 altera
710 3229 805 3278 Africa
817 3232 929 3277 claustra
939 3230 1065 3277 servabat.
1087 3230 1138 3277 Sed

52 3303 151 3349 Livium
163 3303 265 3362 passim.
298 3304 366 3350 Fior.
378 3305 422 3351 cit.
434 3304 465 3352 de
477 3306 574 3366 Philip·
615 3312 723 3366 accepta
740 3306 849 3366 partium
868 3306 951 3362 clade,
962 3305 1022 3351 nihii
1035 3315 1137 3351 cuncta·

53 3378 124 3440 pensi
136 3379 289 3426 certamine:
302 3382 309 3406 ¹
320 3380 417 3426 Multus
429 3381 453 3427 in
466 3394 497 3428 eo
509 3395 574 3441 prae·
615 3386 664 3438 tus,
677 3388 704 3425 ut
717 3379 831 3439 sapiente
843 3378 945 3438 dignuin
957 3387 1022 3437 erat,
1032 3386 1137 3425 ruortern

51 3454 85 3498 iio
98 3453 185 3500 Ceasar
197 3451 256 3511 fuit,
274 3454 422 3515 mediusque
439 3456 506 3501 inter
523 3454 573 3501 Im·
615 3452 772 3499 etiamiatua
784 3453 885 3498 accivit.
895 3453 1050 3513 ...perlecto
1063 3461 1137 3498 nocte

53 3536 194 3590 peratorem
205 3528 355 3576 etmihtcm.
382 3529 575 3589 Vocesquoque
616 3525 647 3571 ad
662 3527 789 3572 lucernam
808 3526 926 3574 Platonis
943 3527 1016 3584 libro,
1033 3529 1074 3588 qui
1093 3528 1136 3571 iru-

55 3603 228 3664 oheqnitautis
249 3601 385 3663 exceptae,'
410 3606 456 3650 &c
498 3602 575 3663 Apud
616 3602 798 3648 mortalitatem
811 3602 900 3648 nniuuu
913 3602 999 3661 uincet,
1011 3603 1136 3662 paulutum

54 3675 575 3737 MundamvaroidemCaesar‚‘ah1eguto
616 3675 727 3737 quievit:
748 3684 800 3721 tum
817 3677 886 3722 circu
906 3677 1012 3735 primam
1026 3674 1135 3733 vigitinus

54 3766 128 3812 equo,
138 3751 225 3797 similis
233 3749 329 3797 furenti
339 3751 445 3811 primam
459 3751 483 3797 iu
497 3751 576 3797 aciem
617 3751 706 3796 stricto
718 3750 801 3809 gladio
814 3751 953 3795 revelatum
963 3763 1034 3797 rnauu
1046 3755 1136 3806 pectus

56 3828 192 3886 procurrit.
235 3825 274 3871 lhi
298 3839 418 3885 prensare
441 3824 576 3886 fugientes,
617 3822 1135 3884 sanieiiterumquepercussit,’dc.Beue

56 3902 220 3958 confirmare3
238 3915 284 3961 pur
302 3908 383 3947 totum
402 3900 512 3963 deniqne
532 3916 575 3961 ng·
616 3898 810 3959 crgoPoie'taait
821 3904 1022 3945 cunctarerrarum
1034 3896 1137 3955 subactu,

55 3986 122 4030 uren,
141 3978 228 4034 oculis,
244 3977 368 4031 munibus,
388 3977 498 4024 clamore
515 3977 575 4023 voli·
616 3973 661 4020 sed
684 3987 733 4019 nou
754 3973 882 4020 srrbactruu
903 3969 1006 4017 Catonis
1026 3972 1136 4018 animuin

56 4049 128 4094 taro.’
150 4052 206 4106 Vei,
219 4051 240 4098 si
253 4050 348 4098 reseras
363 4051 393 4097 ud
408 4051 575 4111 posteriorem
616 4054 724 4109 atrocem,
736 4048 818 4107 idest,
831 4047 960 4105 invictum,
972 4045 1135 4109 intrepidum,
