2408 4200
422 282 457 340 Q·
480 277 637 328 nonanti
664 278 793 326 aaroni

238 423 371 486 Mecum
391 423 534 487 Dionaeo
549 422 615 485 snb
630 429 725 484 antro

278 521 400 598 Quaere
415 522 532 586 modos
542 521 665 586 leviore
680 521 817 602 plectro.
1108 520 1152 580 to

62 687 134 796 gadir,
141 687 205 760 ¹Cum
215 686 290 733 lactus
301 700 411 747 reponas:
427 699 515 733 mecam
522 684 603 746 potius
611 685 655 732 rud
666 683 766 732 Danao
776 696 845 745 metu
860 686 925 730 tenta
944 681 1046 729 muca
1061 679 1153 742 pectine

72 764 155 799 maora.

62 908 182 958 toa-to
198 907 319 957 Petram.
331 906 453 962 Bentleii.
463 906 549 955 &aiore
559 909 620 971 tyro.

555 1035 661 1084 NOTAE

95 1124 127 1169 89
143 1119 237 1167 Mecum
256 1116 355 1164 unaco
370 1113 587 1176 mboatro1Dio·
627 1116 711 1165 lebret
722 1115 828 1164 Homer.
845 1111 920 1161 Iliad.
931 1117 958 1160 ΙΙ.

61 1191 284 1245 uuamodnlemur
292 1190 416 1250 carmina,
425 1189 450 1238 id
461 1197 510 1250 ast,
521 1204 587 1239 arua·
658 1195 691 1239 40
708 1191 808 1239 hoium
816 1185 917 1250 plectro]
931 1186 1005 1248 Stylo
1018 1187 1150 1236 mediocri.

63 1270 129 1319 toria
141 1267 304 1325 averterer,
319 1273 348 1312 ut
365 1264 435 1326 dixi;
452 1264 493 1314 rel
510 1263 586 1325 forte,
626 1266 711 1314 Pollio
741 1263 844 1327 quidem
866 1261 966 1310 sublimi
988 1268 1015 1308 et
1036 1261 1149 1311 Heroico

62 1347 87 1394 in
99 1345 219 1392 honorem
232 1340 351 1402 Augusti,
361 1341 402 1403 qui
420 1339 492 1388 ducit
506 1354 586 1401 genua
626 1354 700 1389 versu
720 1339 829 1402 Tragica
848 1335 987 1385 describit:
1006 1349 1050 1384 nos
1061 1343 1148 1384 autem

62 1436 76 1469 s
88 1421 201 1477 Venere,
215 1416 288 1477 cujus
305 1422 412 1463 matrem
424 1415 532 1464 Diouem
543 1430 584 1464 ce·
626 1416 715 1466 teriori
726 1415 803 1464 decet
815 1427 908 1463 cauere
920 1411 1020 1474 Lyrica.

511 1625 609 1688 ODE
647 1625 695 1687 11.

317 1784 367 1829 AD
391 1785 422 1829 (l.
446 1782 687 1830 sauuusutuu
712 1779 890 1827 CRISPUM.

60 1902 91 1950 C.
108 1899 257 1949 Sallustium
278 1899 394 1962 Crispum
418 1899 547 1948 Historici
572 1915 604 1948 ex
634 1912 722 1948 sorore
744 1904 863 1958 nepotem
889 1895 1077 1958 Mecenatique
1100 1910 1146 1945 sno

92 1978 202 2042 Augusti
225 1978 308 2038 gratia
327 1978 479 2040 proximum,
498 1978 567 2027 laute
584 1977 771 2041 splendideque
793 1990 886 2039 magna
902 1974 1004 2023 fortuna
1021 1981 1147 2037 utentem,

91 2055 255 2107 commendat
266 2056 413 2104 Catonianis
433 2066 460 2106 et
476 2057 581 2118 Stoicis,
600 2071 708 2120 quorum
727 2055 849 2118 dogmata
867 2056 900 2103 ad
919 2054 1043 2104 luxtrriam
1063 2052 1146 2101 vafer·

90 2137 154 2185 rime
166 2135 312 2198 detorquet.
343 2135 488 2200 (Laudatur
498 2137 633 2185 Sallustius
645 2136 678 2185 ob
691 2151 762 2184 usum
774 2136 922 2184 diuitiarum
935 2141 1042 2182 rectum.
1055 2131 1145 2194 Zeun.)

186 2279 346 2343 Notans
363 2288 497 2361 argento
512 2281 605 2343 color
619 2288 684 2357 cst,
700 2281 811 2344 avaris

186 2377 314 2442 Abdito
329 2383 432 2458 terris,
449 2381 579 2444 inimice
596 2381 714 2445 lamnae

91 2547 112 2591 0
125 2546 223 2594 Sallusti
236 2549 329 2609 Crispe,
339 2548 379 2607 qui
390 2546 506 2594 aversaris
517 2547 615 2596 lanuinus
626 2551 698 2597 terris
706 2553 784 2599 naor-is
794 2551 907 2612 conditos,
919 2555 980 2598 certe
988 2547 1087 2611 pecunia
1098 2561 1144 2593 non

89 2752 148 2800 Ode
160 2753 312 2801 duodecima
324 2754 394 2801 Libri
408 2756 478 2802 tertii
490 2757 514 2803 in
525 2757 573 2808 Ed.
582 2758 719 2807 Sanadoni.
754 2761 814 2807 Vct.
826 2760 908 2808 codex
920 2758 1029 2810 Barthii,
1044 2757 1141 2816 Crispus

57 2817 184 2864 Sallustius
200 2818 319 2873 liberulis5
338 2826 399 2865 vett.
411 2819 470 2864 edd.
483 2820 522 2866 Ad
541 2820 677 2869 Sallustium
694 2826 722 2870 de
734 2824 888 2871 Lidemlitute
903 2828 924 2871 et
940 2821 1142 2883 Temperantia.—

58 2883 80 2924 1.
98 2882 136 2952 2.ι
147 2881 257 2939 Cuning.
270 2881 369 2928 emend.
382 2882 508 2941 honorat,
521 2885 649 2932 audacius.
670 2887 704 2932 N.
715 2902 737 2933 ιι.
748 2890 810 2934 color
821 2893 866 2945 cst,
877 2888 955 2934 acoris
966 2886 1060 2933 Abdita
1071 2883 1142 2930 terris

52 2956 145 2990 snarntce
157 2945 172 2991 l.
190 2945 290 2991 entend.
300 2945 388 2992 Lamb.
400 2954 490 2993 contra
502 2961 589 2995 omues
601 2949 676 2997 codd.
688 2950 826 2997 absurdum
840 2959 931 3011 putans
945 2962 1046 2996 sensum
1064 2944 1140 3007 prod·

544 3075 651 3124 NOTAE

86 3167 199 3214 llietrum
212 3168 278 3216 idem
291 3170 357 3231 quod
370 3186 447 3232 supra
458 3185 477 3218 ι.
488 3171 539 3219 ΟιΙ.
552 3177 576 3220 2.
615 3172 708 3220 aiodor.
731 3174 814 3235 Epist.
836 3187 873 3220 ιν.
893 3177 932 3220 Sl.
959 3172 965 3197 ‘
978 3169 1071 3220 Divitis
1086 3169 1140 3215 ariri

86 3245 98 3287 l
118 3243 205 3289 Nullus
225 3250 323 3303 argento
339 3247 402 3292 color
418 3252 462 3303 est,
479 3247 530 3308 ln]
546 3247 574 3295 Si
616 3261 680 3294 vena
691 3248 779 3295 similis
796 3257 835 3296 est
856 3248 960 3310 reliquae
974 3254 1059 3303 terrae,
1071 3244 1139 3304 sija-

53 3316 112 3380 quid
129 3318 205 3366 habet
225 3322 331 3380 pecunia
346 3323 447 3381 nitoris,
459 3323 483 3368 id
499 3337 573 3370 omne
615 3333 690 3370 cest:
710 3338 755 3370 usu
765 3323 857 3371 crescit
869 3323 900 3369 ad
915 3321 1042 3383 pretium!

52 3399 182 3439 mutuatur
197 3408 212 3439 a
227 3404 299 3441 recto
311 3411 365 3442 usu.
399 3397 573 3459 Qirapropter‚
646 3399 767 3445 astutio
786 3397 905 3459 [Abdita]
924 3397 975 3443 Alii
994 3398 1080 3457 legunt
1100 3394 1139 3440 ol·-

52 3482 67 3513 o
87 3467 200 3525 Sallusti,
217 3466 276 3526 jure
298 3469 413 3515 inimicus
431 3485 458 3516 eu
475 3471 513 3527 iis,
531 3473 573 3533 qui
613 3474 670 3520 dito.
705 3473 755 3520 Sed
768 3488 886 3535 quorsum
900 3480 971 3519 tauto
990 3486 1021 3519 ea
1038 3472 1069 3516 de
1088 3471 1138 3517 lec·

51 3556 112 3602 opes
125 3556 183 3587 siras
196 3549 269 3587 terrae
288 3541 413 3590 infodiunt
426 3552 452 3590 et
466 3545 572 3591 abscon·
615 3547 683 3594 tione
705 3549 846 3603 contentio,
867 3563 924 3596 cunr
946 3562 990 3608 par
1010 3546 1136 3605 utrimque

50 3618 123 3678 diunt,
143 3632 205 3664 auro
225 3626 251 3665 et
269 3627 374 3679 urgento
396 3634 443 3665 ιιοιι
462 3628 573 3680 utentes,
614 3639 704 3672 sensus
723 3627 870 3674 exoriatur?
896 3626 990 3672 Abditae
1012 3637 1073 3669 vero
1093 3634 1135 3665 seu

50 3707 106 3752 quaa
128 3699 211 3738 taincu
234 3699 292 3738 sunt
311 3691 436 3740 duntaxat
456 3695 487 3741 ad
501 3710 572 3742 usum
614 3699 638 3746 in
650 3698 766 3749 fodinisa
777 3709 879 3760 notura,
893 3715 936 3747 seu
950 3701 974 3746 iu
987 3696 1134 3744 caverniset

49 3763 125 3812 sacta.
170 3765 278 3813 Aristot.
307 3768 392 3814 Etlric.
412 3768 455 3815 lib.
477 3783 516 3818 ιν.
544 3772 572 3817 Ὀ
614 3781 689 3823 terrae
708 3776 823 3835 latebris,
842 3776 873 3822 ab
894 3772 1036 3823 hominibus
1052 3767 1134 3815 avaris

49 3842 149 3888 πλοῦτος
166 3843 185 3888 δ’
205 3840 255 3887 ἔστι
270 3844 316 3888 τῶν
330 3842 457 3903 χρησίμων.
491 3848 571 3908 Cyrus
613 3851 745 3901 thesauros
757 3861 785 3901 ut
797 3855 929 3914 plurimum
949 3848 1060 3899 defossos
1078 3860 1134 3891 cus·

49 3916 115 3969 apud
125 3917 287 3977 Xenoplmut.
304 3919 311 3942 ⁴
325 3918 445 3966 l’ecuniis
456 3921 568 3968 utimini:
613 3927 777 3976 mittentibus,

48 3990 140 4072 namin
155 4002 246 4041 terram
260 3995 320 4043 satis
333 3997 364 4044 sit
378 4012 486 4059 corpora
499 3999 569 4047 defo·
643 4002 749 4064 hinnu]
768 4003 881 4059 Lamina,
901 4008 927 4047 et
945 4012 991 4059 per
1003 4013 1132 4061 syncopen

49 4063 83 4125 di,
94 4076 149 4110 curu
168 4069 274 4130 quisque
287 4072 354 4119 diem
366 4074 475 4123 obierit!
508 4077 569 4123 Cas·
609 4077 729 4141 ‘laurua‚’
741 4079 801 4126 item
820 4071 956 4135 ‘lamello,‘
971 4072 1076 4123 bractea
1094 4084 1132 4123 est
