2408 4200
80 164 146 231 246
523 178 725 230 BXOURSUS

50 340 53 349 ·
79 321 151 371 telier
160 320 320 385 merrtem.
352 318 425 371 C'eat
436 320 580 382 dominare,
599 332 650 383 que
659 318 685 369 le
696 318 782 369 Poite
794 319 832 369 nit
844 333 877 369 eu
887 318 976 371 benoln
987 320 1022 371 de
1030 334 1062 373 ce
1070 336 1171 375 mrree.

81 400 134 451 tif!
164 400 235 451 blein
245 400 308 449 lrocl
327 398 398 449 Vera
413 388 481 449 r'atio
493 404 543 460 eat,
552 397 621 462 quod
632 397 790 447 Necernitatl
802 411 853 447 nou
865 398 986 448 convenit
997 398 1056 449 tall·
1066 414 1173 465 appare·

81 488 122 531 tnn
140 478 285 540 carnlflclr3
301 478 356 543 qul,
372 478 394 528 nl
413 478 524 528 Horatio
543 477 663 527 Nemesin
681 484 728 526 ant
739 475 791 525 Ata
803 475 894 527 tutuet
905 478 1083 542 exprimenda,
1098 481 1124 529 iu
1138 495 1171 530 ea

78 574 131 609 noa
141 560 222 608 rolnm
234 557 355 608 terentina
366 564 445 617 eraet,
454 557 500 606 ned
510 557 589 606 etiam
598 554 759 619 magnificam
771 555 854 604 ideam
868 555 1007 618 preberet.
1030 559 1104 609 Tunc
1113 558 1170 622 ipre

80 637 159 688 etiem
174 636 336 687 sanationum
352 635 488 685 delicatum
507 635 634 682 hominem
653 640 681 682 et
698 634 858 683 renurtulum
879 648 937 683 cnm
955 635 1059 685 Klotzio
1068 637 1169 699 (betti.
1186 640 1191 649 '

81 717 178 767 Venno.
190 714 300 780 pm.)
315 728 443 775 nocerem,
461 714 504 778 qui
522 711 697 761 offenderetur
715 712 760 760 itu
778 713 897 774 imrgine.
931 713 1084 763 lntnerntnr
1102 716 1171 765 enim

80 797 188 847 ntndiuai
201 795 269 845 liter
281 793 576 853 conterraneorum.
589 805 658 842 xxv.
671 797 728 841 tl-e.

111 875 170 926 ium
181 875 214 925 de
225 874 344 924 univerae
355 875 412 923 loco
422 879 511 922 nostro
522 872 650 936 quomodo
664 871 832 936 jodierodum
850 873 894 933 rit,
911 886 1059 922 moneamur
1072 872 1173 923 adoler-

80 961 180 1005 eenter.
206 954 332 1005 Nimirum
344 954 388 1001 rix
399 953 446 1002 hro
459 952 610 1002 Necessitas
620 952 732 1015 imagine
743 953 794 1001 ulla
806 952 839 1001 ab
851 951 983 1001 attributio
994 951 1121 1014 eopiosior
1130 959 1172 1001 ert

79 1034 105 1083 in
116 1033 234 1085 omnibus
246 1034 356 1098 nutiqnlr
367 1032 467 1089 Poeno,
476 1030 560 1094 lnquit
572 1031 613 1080 lii.
626 1031 744 1093 unaing.
756 1032 833 1081 Laoc.
844 1043 873 1080 x.
885 1045 911 1093 p.
924 1035 979 1080 tte.
1012 1031 1063 1080 Sed
1075 1032 1172 1095 primur

79 1113 238 1174 Sanrtlouur,
253 1113 318 1161 recti
330 1111 368 1160 vir
379 1111 500 1174 acutique
506 1109 609 1172 judicii,
625 1117 753 1159 cancrent
764 1110 859 1171 diacre,
869 1111 936 1159 bruc
946 1110 1025 1173 ipram
1035 1111 1171 1174 imaginem

81 1192 251 1256 pulchriorem
270 1189 327 1260 iore
345 1191 370 1240 in
389 1190 476 1239 tabula
496 1178 576 1253 picti,
593 1203 669 1252 quam
687 1189 712 1237 in
725 1195 779 1238 trm
789 1188 924 1252 magnifico
938 1189 1068 1239 carmine:
1085 1190 1171 1241 ‘J'one

81 1270 147 1331 dire,
158 1287 209 1335 nne
220 1285 250 1320 ce
263 1272 365 1320 tebleau
377 1271 430 1333 prin
441 1269 505 1318 dana
517 1270 541 1316 le
553 1268 633 1317 detail
643 1270 723 1317 neroit
733 1270 791 1331 plna
799 1268 865 1317 bern
875 1281 918 1316 rur
928 1268 953 1316 la
963 1268 1036 1330 toile,
1046 1283 1096 1333 qne
1106 1268 1171 1317 dena

80 1362 132 1399 aue
143 1349 201 1399 Ode
213 1349 355 1414 nimique!
399 1350 472 1398 Bene
489 1348 547 1409 hoc,
564 1356 592 1396 nt
605 1347 764 1409 videbimur3
780 1348 824 1397 ned
843 1362 893 1397 uon
912 1348 986 1397 addit
996 1362 1083 1397 reram
1095 1348 1172 1396 ratio·

81 1443 149 1491 nem,
164 1428 224 1477 dum
237 1429 299 1476 illud
312 1429 343 1476 tle
355 1433 481 1490 apparatu
492 1426 621 1476 carnificis
632 1428 749 1489 subjicit,
765 1428 834 1490 quod
854 1442 931 1490 auprr
950 1428 1087 1490 ponnimua.
1122 1427 1173 1476 Ex·

81 1508 205 1555 cellenter
217 1507 300 1568 potina
313 1506 355 1553 ill.
373 1507 487 1566 Iaeauiug.
500 1507 518 1554 l.
530 1507 546 1553 l.
558 1504 617 1554 ideo
628 1506 764 1566 elegantiae
776 1520 878 1554 aeorum
890 1505 986 1555 offendi
1004 1508 1051 1556 bac
1063 1507 1173 1570 imagine

81 1585 127 1638 ait,
140 1584 259 1647 primum,
270 1583 337 1647 quod
351 1583 425 1630 nimiu
437 1585 568 1631 cumulata
585 1584 634 1631 rint
654 1584 789 1645 attributa,
805 1584 880 1632 unlus
895 1586 1063 1649 ejrrndemque
1075 1587 1111 1634 rei
1123 1588 1172 1647 rig·

80 1662 214 1712 nilicantlm
232 1676 324 1721 caum
343 1660 445 1723 deiude,
464 1661 532 1724 qnod
551 1662 636 1710 omnic
656 1662 782 1711 attributa
793 1663 855 1711 talia
867 1664 970 1725 proprie
981 1664 1111 1712 deatinrta
1121 1664 1173 1712 rint

80 1743 169 1802 oculis,
185 1757 236 1791 non
254 1741 369 1803 auribur,
384 1750 411 1790 et
429 1742 466 1790 ric
483 1741 590 1789 multum
603 1741 667 1789 lucie
678 1748 706 1790 et
716 1741 842 1791 claritatia
860 1741 1031 1792 deacribeudo
1043 1743 1171 1792 amittunt.

81 1823 221 1871 Nemeum
238 1821 304 1870 idem
323 1821 459 1869 abrtrrctn
480 1833 590 1883 perrona
609 1820 758 1874 indnuntur,
774 1821 899 1870 artificem
919 1822 1034 1886 quidem,
1051 1823 1095 1887 qni
1114 1822 1173 1871 nolin

81 1901 162 1951 eculin
173 1902 238 1949 talea
258 1901 354 1963 figurae
372 1900 500 1962 subjicere
520 1907 615 1962 potest,
632 1906 737 1962 oportet
747 1901 874 1950 attributo
885 1900 1026 1963 allegorico
1037 1903 1088 1950 illu
1101 1900 1172 1951 aliin-

81 1995 152 2041 pere,
169 1996 184 2029 e
203 1981 295 2045 quibua
311 1989 483 2043 rgnoncautnr
495 1981 532 2043 (v.
543 1994 567 2029 c.
578 1979 768 2042 Temperantie
779 1979 896 2042 frenum,
908 1981 1065 2030 Constantine
1077 1983 1173 2031 colum·

81 2060 167 2123 nom):
186 2059 231 2109 aed
245 2060 338 2123 Poe'tn,
357 2074 407 2108 uon
419 2060 445 2107 in
457 2058 547 2108 eadem
560 2059 715 2107 necescitate
728 2060 892 2114 courtitutua,
904 2059 994 2107 uitium
1007 2060 1032 2107 iu
1044 2075 1071 2108 se
1082 2061 1172 2109 admir-

81 2140 124 2200 tit,
133 2140 154 2188 ai
167 2139 299 2188 attributio
312 2138 406 2187 trlibun
418 2138 607 2200 enumerandis,
619 2151 666 2184 nec
679 2137 764 2199 potius
775 2139 886 2198 actione,
897 2138 973 2187 talem
986 2137 1092 2201 figurem
1105 2155 1171 2203 sym·

81 2219 189 2267 bolicam
202 2218 326 2267 declarat.
359 2217 418 2266 Vid.
430 2217 469 2266 lll.
483 2218 599 2279 Lessing.
611 2218 627 2264 l.
639 2217 657 2265 l.
669 2232 695 2278 p.
707 2221 762 2264 llo.

114 2296 189 2348 Quod
202 2312 252 2361 quo
264 2298 407 2346 accuratius
420 2297 451 2344 ad
466 2297 634 2345 Horatiorum
648 2296 815 2344 Necesriruu
830 2296 964 2359 imaginem
977 2296 1103 2358 applicari
1115 2312 1172 2359 pon·

82 2377 126 2435 nit,
142 2377 327 2424 observandum
340 2385 390 2437 eat,
402 2377 468 2437 quod
480 2383 508 2422 et
519 2376 544 2422 in
557 2374 633 2424 Oban.
647 2375 701 2436 jam
721 2376 873 2431 monuimus,
885 2389 900 2423 e
913 2375 1012 2437 pictura
1024 2375 1172 2438 symbolica,

82 2468 139 2516 quae
152 2454 176 2501 in
190 2455 287 2514 templo
299 2455 419 2501 Fortunae
433 2453 546 2503 Antiatis
559 2464 636 2513 earet,
653 2470 707 2502 eam
720 2455 785 2502 linurl
798 2454 875 2503 dubie
887 2471 902 2502 a
913 2455 996 2504 Poe'tr
1005 2471 1061 2504 enac
1070 2472 1173 2519 exprea·

82 2547 145 2581 ram.
177 2532 250 2582 Quod
264 2532 323 2579 licet
335 2532 366 2579 ad
379 2535 553 2582 excusandum
567 2536 703 2583 Horatium
717 2536 801 2583 velere
820 2535 909 2597 possit,
926 2550 1001 2598 quem
1019 2537 1171 2597 oportuerit,

80 2617 110 2659 ut
122 2609 281 2658 individuum
293 2611 423 2672 Hymunm
436 2612 560 2673 efficeret,
577 2615 676 2663 iterem
690 2615 832 2667 instituere.
850 2622 876 2662 et
891 2615 970 2662 veum
983 2616 1090 2663 vinculis
1102 2616 1172 2677 iugc-

81 2689 407 2751 nirrrrrantringere31icet
427 2692 465 2737 vol
484 2692 606 2738 bucteuua
627 2693 726 2741 laudem
744 2702 884 2753 mercatur,
901 2691 968 2755 quod
988 2701 1039 2741 tum
1059 2694 1171 2743 nobilem

82 2768 194 2815 tabulam
207 2769 396 2816 consecraverit
407 2776 511 2816 mterum
523 2772 668 2828 rucmorim;
687 2778 771 2820 tomen
791 2773 816 2819 in
837 2788 868 2819 eu
887 2773 1111 2832 reprehendendus
1122 2783 1171 2834 est,

81 2846 149 2911 quod
160 2860 210 2894 nou
222 2847 271 2893 alio
283 2847 359 2894 modo
371 2861 426 2894 eum
439 2849 576 2908 expremit.
611 2850 734 2896 i’inxerat
746 2849 841 2896 artifex
856 2851 1054 2910 Necerritatem,
1070 2861 1171 2911 gestau·

83 2934 134 2973 tem
148 2939 196 2973 uua
207 2939 283 2971 mauu
294 2927 384 2973 ciorum
394 2933 421 2973 et
431 2941 538 2989 cuneum,
551 2927 633 2975 altere
642 2942 725 2975 uncam
746 2935 773 2976 et
784 2928 898 2990 liquidum
907 2929 1045 2990 plumbum*
1078 2930 1171 2978 Claria-

83 3002 146 3053 nima
158 3020 219 3052 naue
229 3013 294 3063 erat,
307 3006 459 3053 vividiaaima
471 3005 561 3054 eadem
575 3021 605 3055 uc
617 3007 787 3069 pulcherrima
798 3008 938 3069 Alleporiu,
949 3022 1007 3056 cum
1019 3008 1100 3057 oculis
1113 3012 1171 3058 nub-

78 3085 222 3145 jicerctur;
241 3099 299 3131 nam
311 3099 394 3147 neque
406 3093 507 3147 poterut
519 3088 595 3135 aliter
607 3087 712 3146 artifex,
729 3096 756 3137 et
768 3103 824 3137 cum
837 3102 886 3137 uuo
902 3089 991 3135 obtutu
1004 3090 1087 3136 omniu
1099 3093 1171 3139 attri·

83 3161 145 3209 buta
164 3163 236 3209 simut
256 3171 433 3222 cernerentur,
449 3166 536 3212 ocnloa
557 3167 718 3229 animumque
731 3182 829 3215 summa
840 3168 864 3214 vi
879 3167 1015 3215 feriebant.
1047 3169 1099 3216 Sed
1112 3169 1172 3218 darm

81 3240 206 3288 Horatius
218 3254 269 3286 nou
281 3241 329 3286 nial
340 3251 471 3288 enumerat
482 3257 512 3289 ca
525 3245 660 3298 attributa,
672 3260 797 3307 unumque
809 3253 866 3305 pont
880 3246 988 3293 alterum
1001 3248 1074 3294 nobie
1087 3257 1171 3297 orten-

81 3318 127 3370 dit,
146 3317 271 3379 frigemun
288 3333 358 3376 nane,
376 3327 402 3366 et
422 3328 482 3368 aute
503 3324 615 3371 tabulam
633 3326 692 3371 vitm
712 3329 845 3382 expertem
858 3323 930 3369 nubis
943 3333 1019 3385 utere,
1037 3342 1066 3374 uc
1079 3342 1110 3374 ue
1123 3329 1171 3376 hoc

83 3397 195 3459 quidem,
212 3397 256 3444 aed
276 3396 421 3457 fragmento
435 3399 527 3446 tabulae
540 3401 633 3447 intueri
646 3400 718 3448 uobis
731 3400 857 3459 videmur,
875 3402 942 3449 unde
955 3405 1090 3465 imaginem
1103 3421 1172 3454 com·

83 3491 177 3537 ponere
190 3476 261 3523 nobis
275 3476 337 3536 ipsis
350 3477 466 3524 relictum
480 3479 521 3524 ait.
551 3478 626 3528 erorl
639 3494 699 3526 nanc
710 3493 784 3528 uerno
796 3482 859 3543 vtrlt,
869 3482 929 3530 dmn
942 3485 1050 3532 Carmen
1063 3486 1170 3548 lyricum

83 3557 153 3617 legit.
187 3555 331 3618 Oportebat
347 3555 533 3603 Necessitatem
547 3558 651 3619 ejusque
665 3559 724 3615 vim,
741 3576 755 3606 a
777 3560 857 3608 i'o’e'te
877 3577 1033 3624 expressum,
1046 3565 1131 3612 viuere
1143 3574 1170 3612 et

84 3649 168 3697 agere,
180 3636 330 3698 participem
343 3650 399 3684 esre
412 3639 530 3697 actionis,
542 3652 598 3699 qne
611 3638 636 3685 in
649 3639 767 3688 Carmine
780 3650 869 3702 regnat
881 3658 887 3700 ;
899 3642 1036 3703 oportebat
1046 3644 1168 3691 lectorem

117 3884 127 3925 t
144 3878 194 3926 Sed
207 3885 332 3943 quomodo
346 3885 415 3947 pingi
429 3888 512 3947 poturit
525 3887 638 3950 liquidum
650 3888 781 3948 plumbum?
806 3888 912 3935 Scilicet
925 3888 964 3933 vel
976 3886 1076 3932 vasculo
1088 3892 1164 3934 cette

85 3956 189 4019 alicujus
202 3959 288 4021 figurae
303 3965 327 4010 id
340 3964 492 4024 significare,
510 3969 550 4016 vel
562 3968 664 4016 metallo
676 3969 817 4031 exprimere
830 3968 913 4029 potuit
925 3967 1014 4028 pictor.
