2408 4200
391 273 595 322 cassinuus
624 273 698 320 nra.
721 274 760 322 rr.
777 261 834 334 13.
1045 268 1049 275 ’
1089 258 1154 322 317

234 416 374 500 Sappho
389 416 511 497 puellis
527 415 570 478 de
585 416 832 498 popularibus‚'
1110 415 1155 479 25

233 517 278 580 Et
293 524 326 579 te
342 523 510 579 sonantem
526 516 658 598 plonius
673 537 785 594 aureo,

275 616 405 693 Adoreo,
419 618 548 699 plectro
565 617 649 680 dura
663 620 771 695 navis,

318 718 411 781 Dura
425 718 513 799 fugae
528 719 629 794 mala,
646 719 730 781 dura
744 720 840 783 helii!

233 816 420 899 Utrumque
434 837 531 881 sacro
547 818 644 900 digna
657 819 790 883 silentio

232 916 399 981 Mirantur
413 915 551 982 Umbrae
567 919 697 984 dicere:
721 921 780 984 sed
795 923 900 1005 magis

274 1017 407 1097 Pugnan
424 1025 459 1080 et
473 1026 611 1081 exactos
627 1027 788 1102 tyrannos

270 1172 273 1179 .
319 1119 468 1188 Densum
482 1118 628 1183 humeris
643 1121 726 1185 bibit
739 1141 819 1186 anre
834 1123 960 1206 vulgus.

60 1297 149 1333 uenus
158 1287 191 1336 te,
201 1282 313 1335 edicas,
322 1295 394 1329 aaran
405 1280 497 1329 cithara
507 1283 710 1330 commodius
717 1285 812 1331 molesta
822 1284 990 1344 nauigationis,
1001 1291 1083 1334 masta
1098 1288 1150 1336 exi·

59 1349 96 1401 lii,
106 1347 192 1409 gravia
206 1345 298 1394 militia
307 1346 450 1392 incommoda
460 1343 472 1392 !
493 1344 577 1392 Mases
586 1351 665 1392 autem
675 1347 824 1394 admirantur
832 1348 910 1395 umba
919 1349 1034 1410 lopaestes
1045 1350 1154 1410 religiose

61 1411 146 1472 diam
160 1424 199 1459 res
214 1409 316 1458 nuntia
352 1408 438 1456 Verum
456 1408 531 1454 turbe
549 1408 651 1469 scapulis
667 1408 777 1467 conserta
794 1409 904 1458 libentius
922 1412 1042 1474 excipiant
1058 1413 1155 1462 auribus

517 1532 699 1552 'mo‘

63 1618 128 1664 -20
144 1615 178 1663 Et
199 1620 366 1665 lacerantem
388 1614 541 1662 zaran-82
560 1614 595 1662 D.
616 1612 687 1661 arida
706 1611 760 1677 (vel
780 1613 875 1679 darili)
898 1615 957 1664 litis
976 1617 1045 1680 conj.
1065 1619 1154 1669 Bentl.

557 1721 661 1777 NOTAE

62 1823 188 1873 duntaxat
210 1838 374 1873 veneramur:
401 1831 428 1873 et
450 1825 512 1872 mire
534 1825 588 1872 lsu-
628 1837 686 1887 qua·
705 1823 737 1872 de
754 1823 799 1872 illu
816 1823 924 1885 amplius
937 1824 1057 1873 annotavi
1070 1839 1089 1874 r.
1102 1794 1153 1875 od

62 1899 125 1947 dant
140 1897 245 1956 Strabo,
263 1900 371 1949 Aristot.
381 1901 509 1955 Socrates,
526 1900 588 1948 Dio·
628 1901 668 1945 82.
680 1903 704 1945 5.
716 1903 808 1960 etseq.
841 1897 908 1946 Item
921 1911 959 1946 ru.
974 1898 1025 1946 Od.
1037 1902 1062 1947 a.
1073 1902 1099 1947 7.
1110 1899 1153 1948 uhi

63 1986 118 2036 nys.
139 1973 274 2023 Halicarn.
296 1975 428 2025 Plutarch.
449 1976 589 2038 Longinus,
626 1971 728 2021 ‘Atcaet
738 1973 850 2021 minaces
862 1970 1005 2020 Camoena’
1022 1972 1156 2034 appellan-

61 2048 111 2095 dae.
127 2048 245 2096 Catullus
257 2050 365 2098 Carmen
378 2065 449 2097 sitnm
459 2063 508 2098 nri.
520 2049 587 2112 qirod
629 2053 679 2095 tur.

63 2128 104 2170 est
115 2121 148 2170 sd
160 2121 288 2185 Lesbiam,
299 2126 429 2173 transtulit
445 2140 459 2171 e
470 2124 588 2186 Sapphus
660 2125 691 2169 27
702 2120 855 2181 Dardaneis,
865 2120 1083 2181 Damsmmnh,
1093 2123 1154 2172 dara

63 2197 248 2261 Graeco„qnod
258 2200 397 2263 Longinus,
407 2201 484 2248 Libro
496 2200 528 2246 de
541 2199 588 2246 Sn-
628 2195 694 2257 delli]
714 2196 752 2244 Ea
769 2194 892 2244 videlicet
908 2209 965 2258 qua
984 2197 1091 2258 pertulit
1108 2196 1153 2252 Al,

60 2271 133 2320 hliuni
159 2272 263 2323 (leuare
281 2275 403 2330 Dicendi,
432 2275 467 2322 sic
494 2273 587 2322 hahet:
629 2273 1155 2337 caeusatqneexantlavitpericula,nrala‚

62 2345 170 2395 adaeral
185 2366 226 2408 pos
241 2349 310 2404 κῆνοι
325 2349 376 2398 tros
390 2350 477 2396 leniris
488 2347 586 2408 ‘Eppia’
629 2345 803 2409 difficultates,
815 2363 950 2407 erumnas,
962 2362 1020 2396 cam
1032 2349 1155 2411 navigan·

61 2420 121 2487 &rip
130 2422 195 2472 daris
206 2424 310 2473 lamias
326 2442 363 2472 τοι
372 2423 464 2484 ‘iddare
477 2424 514 2471 uel
526 2434 587 2473 ras·
629 2423 662 2472 do
674 2423 774 2487 sugere,
786 2425 919 2488 patriaque
931 2424 1037 2473 exulare
1049 2431 1154 2475 coactns

61 2497 113 2546 alar
124 2495 166 2544 arn
181 2497 318 2560 pared-xus
328 2499 445 2562 ὑπακούει,
457 2500 501 2547 Kal
511 2501 586 2559 prad
628 2504 676 2559 est,
694 2513 725 2547 eo
745 2499 814 2562 quod
834 2500 950 2561 civibus‚'
959 2506 989 2548 ut
1004 2499 1084 2554 aiunt,
1103 2500 1154 2548 suis

63 2586 107 2620 aas
117 2571 215 2632 ἱμερόεν,
226 2591 250 2622 κ.
261 2592 286 2622 τ.
297 2584 323 2623 λ.
499 2598 502 2603 ⁴
627 2588 740 2623 aurorem
760 2575 888 2623 libertatis
910 2573 1040 2628 suaderet,
1059 2573 1154 2630 invisus

96 2647 182 2694 AEoliis
189 2648 293 2710 fidibus]
312 2647 412 2697 AEolica
423 2663 516 2713 nempe
529 2651 591 2699 Dis·
628 2650 761 2712 tyrannis3
778 2665 840 2712 quos
853 2649 955 2699 tandem
967 2650 1077 2698 collecta
1093 2662 1154 2697 exu-

63 2721 360 2785 lectousaestSappho.
394 2725 478 2773 AEoles
487 2726 588 2788 quidem
627 2723 677 2771 lum
690 2739 766 2773 maun
779 2725 907 2787 Mitylene
918 2724 1016 2787 exegit,
1034 2723 1162 2784 patriam·.

64 2794 172 2844 araeetae
189 2796 289 2857 populi,
301 2810 358 2846 cunr
375 2812 431 2847 earu
452 2800 521 2848 Asire
538 2801 589 2848 Mi·
627 2799 836 2861 queviudicuuit.

64 2870 132 2917 noris
151 2871 291 2932 regionem,
302 2886 358 2934 quse
376 2879 436 2920 ante
454 2873 540 2936 Mysia
551 2874 589 2922 di·
659 2876 692 2922 29
716 2875 844 2937 Utramque
868 2888 934 2922 suero
961 2873 1034 2933 digua
1061 2872 1154 2920 rihntio

64 2943 181 2999 cehatnr,
201 2944 363 2999 invasissent,
383 2946 504 3007 quasdam
521 2949 589 2998 iusu-
629 2948 753 2998 Mirantur
775 2952 871 2999 Umbra
888 2949 976 3010 dicere]
994 2949 1107 2997 Alcaeurn
1127 2954 1155 2994 et

63 3032 112 3081 per
127 3018 203 3067 Lesbi
224 3018 314 3066 insulae
334 3026 438 3067 tenuere
459 3023 589 3083 civitates,
627 3024 732 3086 Sappho
761 3025 856 3073 urnhrae
881 3025 1008 3072 mirantur
1030 3028 1153 3067 canentes

63 3108 93 3142 ae
104 3094 217 3154 inprimis
229 3094 336 3143 aliarum
353 3101 432 3155 caput
444 3095 589 3158 Mitylenen
629 3099 704 3160 dignu
724 3100 842 3147 silentum
861 3098 979 3156 concilio,
990 3095 1023 3142 de
1035 3107 1085 3157 qno
1096 3094 1155 3141 Vir·

62 3168 181 3230 Sapphus
201 3169 320 3231 patriam.
353 3169 424 3218 Hine
437 3169 534 3218 Noster
551 3185 590 3222 ru.
630 3174 903 3236 gilffineidvnldt.
937 3169 1154 3232 VelDitisdlgna

64 3240 116 3290 Oti,
126 3246 151 3290 9.
162 3246 202 3290 12.
213 3243 318 3290 ‘AEolia
326 3242 419 3292 tidihns
428 3244 540 3307 puelle:
557 3247 590 3295 Et
629 3249 756 3304 sacrariis,
767 3263 823 3311 qnae
837 3244 914 3294 affert
930 3244 997 3292 idem
1010 3244 1101 3306 virgil.
1112 3243 1154 3291 lli·

64 3313 142 3364 oud.
164 3316 281 3376 Epistola
304 3318 421 3381 Sapphus
445 3327 504 3368 ante
526 3322 589 3370 cita·
629 3323 698 3371 aeid.
716 3338 768 3372 xri.
785 3327 840 3371 199.
860 3322 899 3370 vel
917 3320 1057 3369 auscultari
1076 3319 1155 3380 digua

64 3397 101 3449 ts,
115 3393 217 3437 πλοῦ.
234 3390 371 3442 ‘Lesbides
388 3395 470 3444 AEolia
487 3396 588 3444 nornine
629 3413 687 3446 enm
707 3413 738 3446 eo
757 3398 870 3459 silentio,
886 3394 954 3460 qnod
972 3395 1109 3443 adhibetur
1128 3394 1154 3441 iu

63 3462 220 3527 dictalyra·’
627 3474 715 3522 sacris.
749 3474 799 3521 Vel
816 3473 934 3536 denique.
952 3486 1018 3520 sucro
1036 3470 1154 3529 dignust·

95 3543 127 3587 26
142 3541 175 3587 Et
186 3545 211 3589 te
220 3545 341 3588 sanantem
352 3542 442 3603 pterim
451 3560 530 3607 aureo,
545 3547 587 3594 Al·
627 3549 708 3609 leutio,
719 3547 744 3595 id
757 3558 805 3609 est,
817 3563 867 3596 non
884 3546 997 3609 profanis
1009 3543 1156 3601 revelanda,

63 3629 118 3676 coee,
137 3615 238 3677 plectro]
265 3615 342 3663 oud.
366 3618 448 3679 Epist.
469 3634 526 3666 mox
544 3624 588 3670 eit.
628 3636 677 3670 nec
704 3621 849 3685 evulganda
877 3621 1045 3684 quibuslibet,
1074 3616 1154 3663 veluti

64 3692 588 3755 suan‘Necplusutcaeuscousorspa·
628 3696 745 3759 quaedum
757 3696 889 3757 mysteria.
921 3692 1153 3746 llrrcfscituvuru·

64 3767 173 3830 triaque
182 3769 295 3830 lyraeque
305 3768 398 3816 Laudis
408 3769 588 3832 habet‚quaur·
627 3773 705 3833 ριῶδες
716 3771 731 3829 ἡ
742 3771 808 3832 σιγὴ,
827 3771 894 3834 apud
913 3768 1046 3818 Plutarch.
1065 3763 1108 3814 lib.
1121 3767 1153 3811 de

64 3841 103 3888 uis
124 3842 244 3902 grandius
266 3843 308 3890 ille
333 3844 425 3892 sonet!
458 3844 587 3895 Herodot.
628 3846 799 3895 Garrulitate.
1154 3872 1156 3876 .

64 3914 110 3964 libs
123 3929 148 3964 v.
166 3915 197 3963 de
214 3917 302 3966 urceo
321 3918 401 3966 multa
421 3918 512 3978 refert,
531 3933 588 3981 quar
660 3924 691 3968 80
708 3920 755 3968 Sed
770 3920 847 3978 magis
858 3919 956 3977 Pagras
972 3918 995 3962 et
1012 3920 1105 3963 exactos
1116 3920 1154 3979 tp-

64 3992 251 4053 redarguuntur
269 4007 284 4038 a
300 3993 450 4056 Plutarcho,
461 3994 486 4040 iu
499 4008 545 4040 suro
557 3994 588 4041 de
627 3993 724 4054 renuas]
741 3993 864 4043 erauruis
885 3995 969 4036 autern
989 3995 1096 4052 uterque
1108 3990 1153 4036 ad·

66 4067 194 4119 Herodoti
213 4067 373 4130 malignitate
393 4070 487 4120 libello.
522 4069 588 4117 Vide
628 4067 743 4116 miranda
755 4067 912 4125 loqueretur,
923 4068 950 4111 et
961 4061 993 4110 ah
1004 4077 1048 4112 ore
1060 4065 1152 4113 utrina·
