2408 4200
192 485 256 578 Q·
309 486 656 578 HORATII
705 488 997 581 FLACCI

318 695 832 874 ‘cnnntnun

452 1083 618 1159 LIBER
652 1083 729 1158 111.

505 1553 612 1617 ODE
650 1554 679 1616 1.

46 1729 181 1791 Horatius,
191 1728 285 1780 Stoicus
296 1727 460 1793 philosophia
473 1728 553 1777 sacris
565 1727 691 1788 initiatos,
708 1727 819 1777 humana
830 1730 936 1793 negotia
953 1737 1033 1795 atque
1049 1731 1136 1780 studia

78 1809 185 1859 ludibrio
196 1811 283 1870 habet,
293 1817 320 1858 et
331 1818 360 1858 ot
369 1809 436 1872 voigi
448 1808 615 1858 deliramenta
622 1807 721 1872 ingenti
732 1807 817 1856 auimo
827 1809 1023 1872 speruit,psrro
1035 1824 1094 1859 rure
1107 1816 1135 1858 et

78 1891 289 1939 continentiasna
300 1889 399 1939 beatus.
431 1889 558 1953 (Primam
569 1888 644 1952 hujus
656 1888 784 1938 Carminis
795 1890 918 1953 strophosi
932 1891 1063 1953 prologum
1072 1891 1136 1938 Car·
1159 1875 1163 1888 ¹

78 1968 172 2016 minum
184 1968 349 2017 Saecuiarium
360 1967 423 2018 facit
437 1967 599 2030 Sauadonns,
614 1968 743 2030 ingeniose
761 1969 853 2031 magis,
865 1984 941 2034 quam
956 1969 1135 2032 probabiliter.

78 2045 191 2095 Esthaec
204 2047 290 2109 potius
306 2046 426 2110 praefatio
444 2047 503 2096 libri
522 2046 593 2096 tertii
612 2047 742 2095 constanti
759 2054 838 2097 etsta
854 2048 947 2112 scripti
963 2050 995 2096 ab
1015 2046 1136 2109 Horatio,

78 2128 149 2190 cujsn
157 2141 208 2176 uou
220 2127 296 2175 modo
309 2128 388 2190 prima
400 2127 520 2177 Carmina
530 2135 590 2176 suut
601 2140 691 2176 severa
702 2135 729 2176 et
741 2128 874 2190 religionis
883 2129 970 2191 piena,
980 2127 1025 2176 sed
1038 2126 1139 2189 reliqna

77 2207 155 2256 etiam
174 2205 353 2268 uihiihabent,
372 2205 440 2271 quod
452 2220 503 2259 uou
521 2206 660 2270 virginibus
678 2207 817 2270 puerisque
834 2207 1006 2256 commendari
1024 2204 1135 2254 debeat:

78 2286 128 2349 ipsi
140 2293 226 2334 autem
239 2287 327 2349 prime
342 2285 408 2335 Odte
421 2285 462 2333 rel
478 2285 588 2334 maxime
606 2285 654 2333 troc
672 2284 806 2333 exordium
823 2285 962 2335 convenit:
981 2284 1048 2347 quod
1065 2282 1137 2344 dicit,

79 2371 145 2414 ‘non
154 2366 225 2429 prins
237 2365 342 2426 audita,'
353 2372 432 2428 negat
443 2372 532 2413 extare
545 2364 638 2413 Latius
649 2364 770 2413 Carmina
781 2365 862 2426 iyrica
876 2365 934 2427 ejus
945 2364 1096 2426 argumenti,
1107 2371 1136 2411 nt

80 2460 117 2492 iv.
128 2446 181 2494 Od.
191 2450 215 2494 9.
227 2450 250 2494 2.
265 2444 352 2508 Gesn.)
383 2445 456 2509 (Non
467 2443 612 2492 hominibus
624 2444 752 2506 corruptis
764 2450 791 2493 et
802 2458 870 2493 verre
878 2444 1011 2506 sapientia
1023 2442 1135 2505 experti·

80 2523 126 2571 bur
136 2524 219 2572 scribo
237 2524 364 2583 Carmina,
374 2523 419 2571 sed
431 2523 518 2585 pueris
534 2530 561 2570 et
579 2523 671 2585 puellis
683 2524 768 2573 castis.
802 2523 888 2586 Reges
899 2533 1017 2586 potentes
1031 2523 1136 2586 imperio

78 2600 151 2651 Jovis
162 2602 333 2663 potentissimi
348 2607 408 2649 sunt
429 2601 557 2663 subjecti:
575 2600 719 2649 hominibus
739 2602 795 2665 agri
813 2601 992 2664 amplitudine,
1002 2602 1135 2650 nobilitate

78 2680 190 2743 generis,
201 2681 324 2740 moribus,
336 2682 426 2743 gioria,
438 2688 465 2729 et
476 2682 560 2743 grstia
571 2680 676 2730 interae
688 2681 895 2745 discrepantibus
906 2681 997 2730 eadem
1010 2680 1136 2729 moriendi

78 2759 220 2807 necessitas
229 2767 278 2808 est.
312 2761 381 2822 Ergo
392 2761 436 2823 qul
447 2760 538 2808 mortis
549 2768 618 2808 metu
637 2767 761 2822 terretur,
772 2775 829 2810 eum
839 2777 886 2811 uec
898 2761 977 2824 dapes
989 2760 1134 2808 lautissimae

78 2853 126 2887 uec
137 2840 192 2887 soni
204 2840 313 2889 musices
326 2842 489 2904 tranquillum
502 2840 624 2889 reddunt.
658 2841 706 2890 ttts
718 2842 795 2891 animi
811 2842 982 2906 tranquillitas
994 2855 1043 2889 non
1060 2840 1135 2887 abest

79 2917 264 2970 abdominibus
281 2922 365 2970 tennis
376 2921 452 2970 sortis
464 2929 491 2970 et
508 2921 568 2970 vitse
580 2921 691 2969 rusticae·
723 2923 776 2973 Qui
791 2924 858 2971 enim
871 2922 959 2985 paucis
977 2928 1017 2968 est
1032 2927 1136 2968 couten-

79 3006 128 3060 tns,
143 3002 163 3048 is
173 3014 222 3049 nec
233 3002 307 3051 timet
318 3003 394 3050 maris
404 3009 594 3065 tempestatem,
605 3017 652 3050 nec
664 3003 825 3065 grandinem,
837 3017 885 3051 uec
895 3003 948 3063 agri
960 2999 1133 3046 sterilitatem.

77 3078 152 3126 vitta
162 3080 293 3141 magnifice
305 3089 444 3129 exstructos
454 3096 504 3129 non
514 3081 623 3130 liberant
631 3095 645 3128 a
654 3083 742 3130 mortis
751 3090 830 3137 metu,
840 3081 881 3143 qui
894 3085 1030 3139 temperet
1040 3077 1133 3140 ubique

79 3156 189 3204 animum
210 3159 377 3219 impotentem
390 3168 473 3221 urget.
508 3160 583 3212 Quod
602 3161 623 3209 si
642 3174 688 3208 nec
702 3161 811 3209 aedificia
828 3158 974 3221 magnifica,
988 3173 1036 3205 nec
1048 3166 1135 3206 vestes

79 3248 225 3295 purpurare,
238 3249 286 3283 nec
306 3237 364 3283 vina
381 3238 488 3298 optimu,
501 3253 548 3288 nec
563 3247 694 3302 unguenta
712 3240 817 3287 Persica
834 3238 922 3287 morbo
939 3239 1016 3286 animi
1032 3238 1136 3285 nieden·

80 3320 131 3372 tur,
149 3327 196 3373 ego
209 3327 264 3362 roeo
277 3317 361 3376 agelio
371 3317 394 3362 iu
403 3315 503 3365 Sabinis
512 3326 647 3367 contentus
658 3318 759 3367 divitius
768 3332 818 3375 nou
828 3321 956 3368 sectabor.
976 3317 1064 3379 Zeita)

216 3427 287 3490 001
304 3429 477 3508 profanum
493 3432 620 3511 vulguS,
636 3439 668 3495 et
683 3452 796 3496 arceo:

78 3577 215 3639 Impositum
226 3578 311 3636 tulgus
321 3591 413 3624 aversor
425 3582 494 3639 utque
505 3594 603 3627 omooeo.
625 3579 786 3628 Obseeusdute
797 3594 850 3628 ore:
871 3580 995 3627 Mittuntur
1005 3592 1046 3636 ego
1058 3578 1133 3623 ontis·

517 3720 680 3741 mmm„

78 3803 195 3850 Qsiatuor
207 3801 281 3863 primi
296 3817 380 3849 versus
391 3803 462 3851 Odes
472 3803 547 3864 hujus
560 3803 667 3864 primam
678 3812 775 3865 partem
785 3803 910 3851 Carminis
922 3801 1067 3858 Saecularis,
1080 3801 1134 3847 sive

47 3864 118 3910 Odes
132 3868 258 3926 vigesima)
273 3868 341 3913 Liisri
354 3869 448 3928 quarti,
460 3868 620 3913 constituunt
634 3868 657 3914 iu
672 3868 719 3915 Ed.
732 3868 826 3915 Saued.
861 3868 926 3913 Vide
939 3869 1045 3927 Argum.
1073 3866 1135 3924 Epi·

45 3931 140 3984 prapiic
154 3931 179 3974 in
192 3930 298 3979 Arcens.
312 3932 417 3977 Locher.
430 3939 456 3976 et
469 3930 573 3976 venen.
592 3929 632 3976 De
649 3932 767 3979 hominum
783 3932 856 3977 curiis
873 3931 946 3989 curis,
961 3931 1069 3990 curiaque
1079 3928 1133 3984 sor·

46 3995 111 4047 ‘ms
121 3996 142 4034 ‘¹‘
155 4006 220 4050 <equo
233 4001 322 4051 mm·te;
341 3996 365 4041 in
378 3995 443 4053 eliis,
455 3993 494 4041 ,to
507 3993 628 4049 innocus,-
646 3997 718 4056 item,
730 3996 769 4043 ,tu
780 3996 873 4042 sitorum
885 3993 1003 4052 virgiuum
1014 3999 1037 4040 et
1054 4005 1134 4052 puero
