<?xml version="1.0" encoding="UTF-8"?>
<!DOCTYPE html PUBLIC "-//W3C//DTD XHTML 1.0 Transitional//EN"
    "http://www.w3.org/TR/xhtml1/DTD/xhtml1-transitional.dtd">
<html xmlns="http://www.w3.org/1999/xhtml" xml:lang="en" lang="en">
 <head>
  <title>
</title>
<meta http-equiv="Content-Type" content="text/html;charset=utf-8" />
  <meta name='ocr-system' content='tesseract 3.04.00' />
  <meta name='ocr-capabilities' content='ocr_page ocr_carea ocr_par ocr_line ocrx_word'/>
</head>
<body>
  <div class='ocr_page' id='page_1' title='image "./quintihoratiifl00zeungoog_0465.png"; bbox 0 0 2408 4200; ppageno 0'>
   <div class='ocr_carea' id='block_1_1' title="bbox 416 266 794 324">
    <p class='ocr_par' dir='ltr' id='par_1_1' title="bbox 416 266 794 324">
     <span class='ocr_line' id='line_1_1' title="bbox 416 266 794 324; baseline 0 -9"><span class='ocrx_word' id='word_1_1' title='bbox 416 267 452 324; x_wconf 80' lang='lat' dir='ltr'><strong>Q.</strong></span> <span class='ocrx_word' id='word_1_2' title='bbox 476 266 635 315; x_wconf 71' lang='lat' dir='ltr'><strong>nouauit</strong></span> <span class='ocrx_word' id='word_1_3' title='bbox 660 266 794 317; x_wconf 70' lang='lat' dir='ltr'><strong>moill</strong></span> 
     </span>
    </p>
   </div>
   <div class='ocr_carea' id='block_1_2' title="bbox 231 407 1178 1079">
    <p class='ocr_par' dir='ltr' id='par_1_2' title="bbox 235 407 998 596">
     <span class='ocr_line' id='line_1_2' title="bbox 235 407 998 495; baseline 0.004 -24"><span class='ocrx_word' id='word_1_4' title='bbox 235 407 417 474; x_wconf 80' lang='lat' dir='ltr'><strong>Risissunt:</strong></span> <span class='ocrx_word' id='word_1_5' title='bbox 441 410 511 473; x_wconf 87' lang='lat' dir='ltr'><strong>iure</strong></span> <span class='ocrx_word' id='word_1_6' title='bbox 525 413 610 475; x_wconf 89' lang='lat' dir='ltr'><strong>euim</strong></span> <span class='ocrx_word' id='word_1_7' title='bbox 626 417 731 476; x_wconf 90' lang='lat' dir='ltr'><strong>tutum</strong></span> <span class='ocrx_word' id='word_1_8' title='bbox 746 413 856 476; x_wconf 85' lang='lat' dir='ltr'><strong>iteret</strong></span> <span class='ocrx_word' id='word_1_9' title='bbox 870 418 998 495; x_wconf 79' lang='lat' dir='ltr'><strong>patena,</strong></span> 
     </span>
     <span class='ocr_line' id='line_1_3' title="bbox 363 509 842 596; baseline 0.004 -23"><span class='ocrx_word' id='word_1_10' title='bbox 363 509 532 576; x_wconf 72' lang='lat' dir='ltr'><strong>Convenae</strong></span> <span class='ocrx_word' id='word_1_11' title='bbox 547 515 581 577; x_wconf 93' lang='lat' dir='ltr'><strong>in</strong></span> <span class='ocrx_word' id='word_1_12' title='bbox 597 515 740 596; x_wconf 85' lang='lat' dir='ltr'><strong>pretium</strong></span> <span class='ocrx_word' id='word_1_13' title='bbox 757 511 842 575; x_wconf 84' lang='lat' dir='ltr'><strong>Deo.</strong></span> 
     </span>
    </p>

    <p class='ocr_par' dir='ltr' id='par_1_3' title="bbox 234 590 1178 694">
     <span class='ocr_line' id='line_1_4' title="bbox 234 590 1178 694; baseline 0.007 -22"><span class='ocrx_word' id='word_1_14' title='bbox 234 608 360 674; x_wconf 89' lang='lat' dir='ltr'><strong>Aurum</strong></span> <span class='ocrx_word' id='word_1_15' title='bbox 378 631 437 694; x_wconf 88' lang='lat' dir='ltr'><strong>per</strong></span> <span class='ocrx_word' id='word_1_16' title='bbox 450 590 579 677; x_wconf 74' lang='lat' dir='ltr'><strong>medius</strong></span> <span class='ocrx_word' id='word_1_17' title='bbox 595 616 640 678; x_wconf 89' lang='lat' dir='ltr'><strong>ire</strong></span> <span class='ocrx_word' id='word_1_18' title='bbox 655 613 822 688; x_wconf 78' lang='lat' dir='ltr'><strong>satellites,</strong></span> <span class='ocrx_word' id='word_1_19' title='bbox 1176 683 1178 687; x_wconf 68' lang='grc'>,</span> 
     </span>
    </p>

    <p class='ocr_par' dir='ltr' id='par_1_4' title="bbox 234 710 1154 797">
     <span class='ocr_line' id='line_1_5' title="bbox 234 710 1154 797; baseline 0.005 -24"><span class='ocrx_word' id='word_1_20' title='bbox 234 710 278 774; x_wconf 88' lang='lat' dir='ltr'><strong>Et</strong></span> <span class='ocrx_word' id='word_1_21' title='bbox 289 731 496 797; x_wconf 86' lang='lat' dir='ltr'><strong>perrumpere</strong></span> <span class='ocrx_word' id='word_1_22' title='bbox 510 722 601 779; x_wconf 85' lang='lat' dir='ltr'><strong>amat</strong></span> <span class='ocrx_word' id='word_1_23' title='bbox 615 734 712 791; x_wconf 84' lang='lat' dir='ltr'><strong>sexa,</strong></span> <span class='ocrx_word' id='word_1_24' title='bbox 722 714 891 797; x_wconf 87' lang='lat' dir='ltr'><strong>potentiue</strong></span> <span class='ocrx_word' id='word_1_25' title='bbox 1108 715 1154 778; x_wconf 87' lang='grc'><strong>10</strong></span> 
     </span>
    </p>

    <p class='ocr_par' dir='ltr' id='par_1_5' title="bbox 234 810 817 993">
     <span class='ocr_line' id='line_1_6' title="bbox 234 810 817 894; baseline 0.003 -21"><span class='ocrx_word' id='word_1_26' title='bbox 234 810 310 875; x_wconf 85' lang='lat' dir='ltr'><strong>Ictu</strong></span> <span class='ocrx_word' id='word_1_27' title='bbox 325 812 482 875; x_wconf 82' lang='lat' dir='ltr'><strong>fulmineo</strong></span> <span class='ocrx_word' id='word_1_28' title='bbox 495 834 502 875; x_wconf 91' lang='lat'>:</span> <span class='ocrx_word' id='word_1_29' title='bbox 525 814 671 877; x_wconf 84' lang='lat' dir='ltr'><strong>concidit</strong></span> <span class='ocrx_word' id='word_1_30' title='bbox 684 812 817 894; x_wconf 69' lang='lat' dir='ltr'><strong>auguria</strong></span> 
     </span>
     <span class='ocr_line' id='line_1_7' title="bbox 359 911 812 993; baseline 0.004 -19"><span class='ocrx_word' id='word_1_31' title='bbox 359 911 471 993; x_wconf 78' lang='lat' dir='ltr'><strong>Argivi</strong></span> <span class='ocrx_word' id='word_1_32' title='bbox 487 913 615 991; x_wconf 85' lang='lat' dir='ltr'><strong>dumus,</strong></span> <span class='ocrx_word' id='word_1_33' title='bbox 626 916 670 978; x_wconf 90' lang='lat' dir='ltr'><strong>ob</strong></span> <span class='ocrx_word' id='word_1_34' title='bbox 686 915 812 978; x_wconf 85' lang='lat' dir='ltr'><strong>lucrum</strong></span> 
     </span>
    </p>

    <p class='ocr_par' dir='ltr' id='par_1_6' title="bbox 231 1013 807 1079">
     <span class='ocr_line' id='line_1_8' title="bbox 231 1013 807 1079; baseline -0.003 -1"><span class='ocrx_word' id='word_1_35' title='bbox 231 1013 391 1078; x_wconf 85' lang='lat' dir='ltr'><strong>Demersa</strong></span> <span class='ocrx_word' id='word_1_36' title='bbox 404 1014 506 1077; x_wconf 84' lang='lat' dir='ltr'><strong>exitio</strong></span> <span class='ocrx_word' id='word_1_37' title='bbox 518 1034 527 1076; x_wconf 76' lang='grc' dir='ltr'><strong>ι</strong></span> <span class='ocrx_word' id='word_1_38' title='bbox 548 1013 665 1079; x_wconf 87' lang='lat' dir='ltr'><strong>diffidit</strong></span> <span class='ocrx_word' id='word_1_39' title='bbox 678 1015 807 1078; x_wconf 86' lang='lat' dir='ltr'><strong>urbium</strong></span> 
     </span>
    </p>
   </div>
   <div class='ocr_carea' id='block_1_3' title="bbox 56 1198 1157 1393">
    <p class='ocr_par' dir='ltr' id='par_1_7' title="bbox 56 1198 1157 1393">
     <span class='ocr_line' id='line_1_9' title="bbox 58 1198 1157 1266; baseline 0.002 -18"><span class='ocrx_word' id='word_1_40' title='bbox 58 1198 178 1249; x_wconf 72' lang='lat' dir='ltr'><strong>Aeririeu</strong></span> <span class='ocrx_word' id='word_1_41' title='bbox 187 1202 284 1251; x_wconf 72' lang='lat' dir='ltr'><strong>incluta</strong></span> <span class='ocrx_word' id='word_1_42' title='bbox 291 1204 374 1265; x_wconf 77' lang='lat' dir='ltr'><strong>puello</strong></span> <span class='ocrx_word' id='word_1_43' title='bbox 384 1201 542 1251; x_wconf 69' lang='lat' dir='ltr'><strong>recticulum</strong></span> <span class='ocrx_word' id='word_1_44' title='bbox 549 1202 733 1252; x_wconf 65' lang='lat' dir='ltr'><strong>murm:</strong></span> <span class='ocrx_word' id='word_1_45' title='bbox 744 1202 828 1266; x_wconf 66' lang='lat' dir='ltr'><strong>quippe</strong></span> <span class='ocrx_word' id='word_1_46' title='bbox 837 1201 962 1258; x_wconf 77' lang='lat' dir='ltr'><strong>aiamsvre</strong></span> <span class='ocrx_word' id='word_1_47' title='bbox 970 1215 1076 1250; x_wconf 71' lang='lat' dir='ltr'><strong>reem</strong></span> <span class='ocrx_word' id='word_1_48' title='bbox 1085 1215 1157 1262; x_wconf 70' lang='lat' dir='ltr'><strong>aper·</strong></span> 
     </span>
     <span class='ocr_line' id='line_1_10' title="bbox 57 1266 1155 1328; baseline 0.002 -18"><span class='ocrx_word' id='word_1_49' title='bbox 57 1268 151 1324; x_wconf 68' lang='lat' dir='ltr'><strong>tamque</strong></span> <span class='ocrx_word' id='word_1_50' title='bbox 162 1266 288 1315; x_wconf 67' lang='lat' dir='ltr'><strong>amrin</strong></span> <span class='ocrx_word' id='word_1_51' title='bbox 303 1281 387 1315; x_wconf 75' lang='lat' dir='ltr'><strong>aarum</strong></span> <span class='ocrx_word' id='word_1_52' title='bbox 402 1270 499 1314; x_wconf 68' lang='lat' dir='ltr'><strong>utute</strong></span> <span class='ocrx_word' id='word_1_53' title='bbox 531 1266 623 1316; x_wconf 67' lang='lat' dir='ltr'><strong>Aerem</strong></span> <span class='ocrx_word' id='word_1_54' title='bbox 637 1268 726 1327; x_wconf 67' lang='lat' dir='ltr'><strong>genui</strong></span> <span class='ocrx_word' id='word_1_55' title='bbox 740 1268 866 1328; x_wconf 71' lang='lat' dir='ltr'><strong>praedm</strong></span> <span class='ocrx_word' id='word_1_56' title='bbox 883 1266 971 1325; x_wconf 69' lang='lat' dir='ltr'><strong>uredine</strong></span> <span class='ocrx_word' id='word_1_57' title='bbox 989 1268 1105 1327; x_wconf 66' lang='lat' dir='ltr'><strong>munda,</strong></span> <span class='ocrx_word' id='word_1_58' title='bbox 1123 1279 1155 1312; x_wconf 78' lang='lat' dir='ltr'><strong>ar</strong></span> 
     </span>
     <span class='ocr_line' id='line_1_11' title="bbox 56 1328 1152 1393; baseline 0.003 -21"><span class='ocrx_word' id='word_1_59' title='bbox 56 1339 130 1389; x_wconf 77' lang='lat' dir='ltr'><strong>rupee</strong></span> <span class='ocrx_word' id='word_1_60' title='bbox 133 1328 257 1393; x_wconf 64' lang='lat' dir='ltr'><strong>magere,</strong></span> <span class='ocrx_word' id='word_1_61' title='bbox 265 1331 289 1379; x_wconf 81' lang='lat' dir='ltr'><strong>ni</strong></span> <span class='ocrx_word' id='word_1_62' title='bbox 293 1329 408 1388; x_wconf 68' lang='lat' dir='ltr'><strong>fulminis</strong></span> <span class='ocrx_word' id='word_1_63' title='bbox 419 1329 528 1378; x_wconf 65' lang='lat' dir='ltr'><strong>mutue.</strong></span> <span class='ocrx_word' id='word_1_64' title='bbox 565 1330 633 1378; x_wconf 71' lang='lat' dir='ltr'><strong>Vatia</strong></span> <span class='ocrx_word' id='word_1_65' title='bbox 644 1329 854 1391; x_wconf 69' lang='lat' dir='ltr'><strong>Argolicifamilia</strong></span> <span class='ocrx_word' id='word_1_66' title='bbox 865 1330 960 1378; x_wconf 76' lang='lat' dir='ltr'><strong>interiit</strong></span> <span class='ocrx_word' id='word_1_67' title='bbox 969 1335 1064 1392; x_wconf 82' lang='lat' dir='ltr'><strong>propter</strong></span> <span class='ocrx_word' id='word_1_68' title='bbox 1074 1342 1152 1391; x_wconf 74' lang='lat' dir='ltr'><strong>quae·</strong></span> 
     </span>
    </p>
   </div>
   <div class='ocr_carea' id='block_1_4' title="bbox 57 1550 1153 1806">
    <p class='ocr_par' dir='ltr' id='par_1_8' title="bbox 57 1550 1153 1806">
     <span class='ocr_line' id='line_1_12' title="bbox 58 1550 1152 1613; baseline 0.002 -14"><span class='ocrx_word' id='word_1_69' title='bbox 58 1552 137 1610; x_wconf 74' lang='lat' dir='ltr'><strong>tieret,</strong></span> <span class='ocrx_word' id='word_1_70' title='bbox 147 1553 207 1613; x_wconf 84' lang='lat' dir='ltr'><strong>quia</strong></span> <span class='ocrx_word' id='word_1_71' title='bbox 219 1553 253 1600; x_wconf 82' lang='lat' dir='ltr'><strong>rit</strong></span> <span class='ocrx_word' id='word_1_72' title='bbox 270 1553 352 1613; x_wconf 79' lang='lat' dir='ltr'><strong>majur</strong></span> <span class='ocrx_word' id='word_1_73' title='bbox 372 1551 561 1610; x_wconf 66' lang='lat' dir='ltr'><strong>florentianum</strong></span> <span class='ocrx_word' id='word_1_74' title='bbox 581 1552 631 1599; x_wconf 82' lang='lat' dir='ltr'><strong>rid.</strong></span> <span class='ocrx_word' id='word_1_75' title='bbox 643 1565 661 1600; x_wconf 89' lang='lat' dir='ltr'><strong>r.</strong></span> <span class='ocrx_word' id='word_1_76' title='bbox 682 1551 734 1600; x_wconf 82' lang='lat' dir='ltr'><strong>Oti.</strong></span> <span class='ocrx_word' id='word_1_77' title='bbox 746 1556 787 1600; x_wconf 72' lang='lat'><strong>2⁴.</strong></span> <span class='ocrx_word' id='word_1_78' title='bbox 799 1557 822 1601; x_wconf 86' lang='lat'><strong>8.</strong></span> <span class='ocrx_word' id='word_1_79' title='bbox 842 1551 887 1601; x_wconf 80' lang='lat' dir='ltr'><strong>aed</strong></span> <span class='ocrx_word' id='word_1_80' title='bbox 905 1550 965 1599; x_wconf 87' lang='lat' dir='ltr'><strong>nihil</strong></span> <span class='ocrx_word' id='word_1_81' title='bbox 983 1551 1031 1598; x_wconf 84' lang='lat' dir='ltr'><strong>hac</strong></span> <span class='ocrx_word' id='word_1_82' title='bbox 1050 1551 1106 1599; x_wconf 84' lang='lat' dir='ltr'><strong>ruia</strong></span> <span class='ocrx_word' id='word_1_83' title='bbox 1118 1550 1152 1601; x_wconf 82' lang='lat' dir='ltr'><strong>rla</strong></span> 
     </span>
     <span class='ocr_line' id='line_1_13' title="bbox 58 1614 1153 1678; baseline 0.002 -17"><span class='ocrx_word' id='word_1_84' title='bbox 58 1628 136 1661; x_wconf 80' lang='lat' dir='ltr'><strong>cauea</strong></span> <span class='ocrx_word' id='word_1_85' title='bbox 146 1614 294 1662; x_wconf 86' lang='lat' dir='ltr'><strong>mutandum</strong></span> <span class='ocrx_word' id='word_1_86' title='bbox 307 1621 381 1674; x_wconf 84' lang='lat' dir='ltr'><strong>putat</strong></span> <span class='ocrx_word' id='word_1_87' title='bbox 391 1614 526 1662; x_wconf 73' lang='lat' dir='ltr'><strong>,lani-1⁰</strong></span> <span class='ocrx_word' id='word_1_88' title='bbox 544 1615 652 1663; x_wconf 82' lang='lat' dir='ltr'><strong>Mantel.</strong></span> <span class='ocrx_word' id='word_1_89' title='bbox 665 1616 699 1662; x_wconf 83' lang='lat' dir='ltr'><strong>Et</strong></span> <span class='ocrx_word' id='word_1_90' title='bbox 709 1630 873 1678; x_wconf 65' lang='lat' dir='ltr'><strong>prerumpere.</strong></span> <span class='ocrx_word' id='word_1_91' title='bbox 902 1616 990 1664; x_wconf 82' lang='lat' dir='ltr'><strong>‘Male</strong></span> <span class='ocrx_word' id='word_1_92' title='bbox 1002 1623 1060 1677; x_wconf 79' lang='lat' dir='ltr'><strong>poet</strong></span> <span class='ocrx_word' id='word_1_93' title='bbox 1069 1620 1153 1676; x_wconf 73' lang='lat' dir='ltr'><strong>poten·</strong></span> 
     </span>
     <span class='ocr_line' id='line_1_14' title="bbox 58 1676 1153 1742; baseline 0.005 -21"><span class='ocrx_word' id='word_1_94' title='bbox 58 1677 106 1722; x_wconf 81' lang='lat' dir='ltr'><strong>tr&#39;er</strong></span> <span class='ocrx_word' id='word_1_95' title='bbox 117 1676 261 1736; x_wconf 63' lang='lat' dir='ltr'><strong>distinguit,</strong></span> <span class='ocrx_word' id='word_1_96' title='bbox 273 1683 300 1725; x_wconf 88' lang='lat' dir='ltr'><strong>et</strong></span> <span class='ocrx_word' id='word_1_97' title='bbox 312 1677 485 1736; x_wconf 78' lang='lat' dir='ltr'><strong>irtesulmim</strong></span> <span class='ocrx_word' id='word_1_98' title='bbox 496 1677 528 1724; x_wconf 85' lang='lat' dir='ltr'><strong>arl</strong></span> <span class='ocrx_word' id='word_1_99' title='bbox 541 1691 613 1740; x_wconf 83' lang='lat' dir='ltr'><strong>aeqq.</strong></span> <span class='ocrx_word' id='word_1_100' title='bbox 627 1678 707 1727; x_wconf 85' lang='lat' dir='ltr'><strong>trahit</strong></span> <span class='ocrx_word' id='word_1_101' title='bbox 718 1679 804 1742; x_wconf 85' lang='lat' dir='ltr'><strong>Cruq.’</strong></span> <span class='ocrx_word' id='word_1_102' title='bbox 821 1680 948 1728; x_wconf 56' lang='lat' dir='ltr'><strong>«iatri-ll</strong></span> <span class='ocrx_word' id='word_1_103' title='bbox 971 1680 1032 1727; x_wconf 79' lang='lat' dir='ltr'><strong>Eae.</strong></span> <span class='ocrx_word' id='word_1_104' title='bbox 1042 1678 1103 1727; x_wconf 77' lang='lat' dir='ltr'><strong>Sex.</strong></span> <span class='ocrx_word' id='word_1_105' title='bbox 1115 1694 1153 1726; x_wconf 80' lang='lat' dir='ltr'><strong>ee·</strong></span> 
     </span>
     <span class='ocr_line' id='line_1_15' title="bbox 57 1739 1150 1806; baseline 0.003 -20"><span class='ocrx_word' id='word_1_106' title='bbox 57 1739 117 1786; x_wconf 76' lang='lat' dir='ltr'><strong>cidit</strong></span> <span class='ocrx_word' id='word_1_107' title='bbox 139 1754 185 1801; x_wconf 91' lang='lat' dir='ltr'><strong>pru</strong></span> <span class='ocrx_word' id='word_1_108' title='bbox 204 1740 380 1789; x_wconf 62' lang='lat' dir='ltr'><strong>coaddit-18</strong></span> <span class='ocrx_word' id='word_1_109' title='bbox 398 1741 510 1788; x_wconf 64' lang='lat' dir='ltr'><strong>utam</strong></span> <span class='ocrx_word' id='word_1_110' title='bbox 526 1740 595 1803; x_wconf 80' lang='lat' dir='ltr'><strong>Lipt.</strong></span> <span class='ocrx_word' id='word_1_111' title='bbox 606 1746 630 1790; x_wconf 76' lang='lat'><strong>2.</strong></span> <span class='ocrx_word' id='word_1_112' title='bbox 648 1743 742 1790; x_wconf 75' lang='lat' dir='ltr'><strong>excidia</strong></span> <span class='ocrx_word' id='word_1_113' title='bbox 752 1745 855 1806; x_wconf 85' lang='lat' dir='ltr'><strong>quidaru</strong></span> <span class='ocrx_word' id='word_1_114' title='bbox 866 1745 938 1791; x_wconf 81' lang='lat' dir='ltr'><strong>Torr.</strong></span> <span class='ocrx_word' id='word_1_115' title='bbox 948 1751 976 1790; x_wconf 83' lang='lat' dir='ltr'><strong>et</strong></span> <span class='ocrx_word' id='word_1_116' title='bbox 988 1743 1074 1790; x_wconf 71' lang='lat' dir='ltr'><strong>Lami).</strong></span> <span class='ocrx_word' id='word_1_117' title='bbox 1088 1742 1150 1790; x_wconf 86' lang='lat' dir='ltr'><strong>Dtr.</strong></span> 
     </span>
    </p>
   </div>
   <div class='ocr_carea' id='block_1_5' title="bbox 552 1867 657 1918">
    <p class='ocr_par' dir='ltr' id='par_1_9' title="bbox 552 1867 657 1918">
     <span class='ocr_line' id='line_1_16' title="bbox 552 1867 657 1918; baseline 0.01 -2"><span class='ocrx_word' id='word_1_118' title='bbox 552 1867 657 1918; x_wconf 79' lang='lat' dir='ltr'><strong>NO&#39;l&#39;AE</strong></span> 
     </span>
    </p>
   </div>
   <div class='ocr_carea' id='block_1_6' title="bbox 39 1962 1154 4128">
    <p class='ocr_par' dir='ltr' id='par_1_10' title="bbox 55 1962 1154 2554">
     <span class='ocr_line' id='line_1_17' title="bbox 90 1962 1151 2031; baseline 0 -19"><span class='ocrx_word' id='word_1_119' title='bbox 90 1964 206 2012; x_wconf 70' lang='lat' dir='ltr'><strong>Merum</strong></span> <span class='ocrx_word' id='word_1_120' title='bbox 216 1979 258 2024; x_wconf 85' lang='lat' dir='ltr'><strong>per</strong></span> <span class='ocrx_word' id='word_1_121' title='bbox 266 1963 585 2027; x_wconf 68' lang='lat' dir='ltr'><strong>mediorirerutelliter,ire]</strong></span> <span class='ocrx_word' id='word_1_122' title='bbox 626 1974 677 2026; x_wconf 82' lang='lat' dir='ltr'><strong>aet,</strong></span> <span class='ocrx_word' id='word_1_123' title='bbox 690 1967 773 2016; x_wconf 72' lang='lat' dir='ltr'><strong>Furiis</strong></span> <span class='ocrx_word' id='word_1_124' title='bbox 784 1969 896 2031; x_wconf 70' lang='lat' dir='ltr'><strong>agitatur</strong></span> <span class='ocrx_word' id='word_1_125' title='bbox 908 1965 992 2029; x_wconf 87' lang='lat' dir='ltr'><strong>periit.</strong></span> <span class='ocrx_word' id='word_1_126' title='bbox 1026 1962 1151 2026; x_wconf 79' lang='lat' dir='ltr'><strong>Amphia-</strong></span> 
     </span>
     <span class='ocr_line' id='line_1_18' title="bbox 60 2037 1150 2105; baseline 0.003 -20"><span class='ocrx_word' id='word_1_127' title='bbox 60 2038 150 2097; x_wconf 70' lang='lat' dir='ltr'><strong>Xpwlr</strong></span> <span class='ocrx_word' id='word_1_128' title='bbox 172 2037 261 2098; x_wconf 68' lang='grc' dir='ltr'><strong>ἀνοίγει</strong></span> <span class='ocrx_word' id='word_1_129' title='bbox 281 2038 369 2101; x_wconf 72' lang='grc' dir='ltr'><strong>πάντα,</strong></span> <span class='ocrx_word' id='word_1_130' title='bbox 391 2038 473 2088; x_wconf 69' lang='lat' dir='ltr'><strong>nilion</strong></span> <span class='ocrx_word' id='word_1_131' title='bbox 501 2039 584 2090; x_wconf 69' lang='grc' dir='ltr'><strong>πύλαι.</strong></span> <span class='ocrx_word' id='word_1_132' title='bbox 627 2056 685 2092; x_wconf 84' lang='lat' dir='ltr'><strong>rana</strong></span> <span class='ocrx_word' id='word_1_133' title='bbox 696 2043 721 2089; x_wconf 89' lang='lat' dir='ltr'><strong>in</strong></span> <span class='ocrx_word' id='word_1_134' title='bbox 735 2045 815 2105; x_wconf 86' lang='lat' dir='ltr'><strong>primu</strong></span> <span class='ocrx_word' id='word_1_135' title='bbox 828 2043 887 2091; x_wconf 85' lang='lat' dir='ltr'><strong>belli</strong></span> <span class='ocrx_word' id='word_1_136' title='bbox 899 2040 1014 2090; x_wconf 85' lang='lat' dir='ltr'><strong>Thebani</strong></span> <span class='ocrx_word' id='word_1_137' title='bbox 1025 2038 1150 2088; x_wconf 83' lang='lat' dir='ltr'><strong>conflictu</strong></span> 
     </span>
     <span class='ocr_line' id='line_1_19' title="bbox 58 2113 1153 2177; baseline 0.002 -17"><span class='ocrx_word' id='word_1_138' title='bbox 58 2113 149 2160; x_wconf 66' lang='lat' dir='ltr'><strong>Arm</strong></span> <span class='ocrx_word' id='word_1_139' title='bbox 166 2114 243 2176; x_wconf 79' lang='lat' dir='ltr'><strong>aperit</strong></span> <span class='ocrx_word' id='word_1_140' title='bbox 260 2114 348 2177; x_wconf 72' lang='lat' dir='ltr'><strong>min,</strong></span> <span class='ocrx_word' id='word_1_141' title='bbox 366 2116 438 2164; x_wconf 70' lang='lat' dir='ltr'><strong>etium</strong></span> <span class='ocrx_word' id='word_1_142' title='bbox 455 2115 586 2175; x_wconf 69' lang='lat' dir='ltr'><strong>inseram</strong></span> <span class='ocrx_word' id='word_1_143' title='bbox 626 2116 774 2166; x_wconf 75' lang='lat' dir='ltr'><strong>dehiscente</strong></span> <span class='ocrx_word' id='word_1_144' title='bbox 785 2126 921 2167; x_wconf 80' lang='lat' dir='ltr'><strong>terrarum</strong></span> <span class='ocrx_word' id='word_1_145' title='bbox 930 2132 975 2165; x_wconf 84' lang='lat' dir='ltr'><strong>tuo</strong></span> <span class='ocrx_word' id='word_1_146' title='bbox 983 2130 1059 2164; x_wconf 86' lang='lat' dir='ltr'><strong>curru</strong></span> <span class='ocrx_word' id='word_1_147' title='bbox 1067 2125 1095 2164; x_wconf 87' lang='lat' dir='ltr'><strong>et</strong></span> <span class='ocrx_word' id='word_1_148' title='bbox 1107 2130 1153 2164; x_wconf 87' lang='lat' dir='ltr'><strong>au·</strong></span> 
     </span>
     <span class='ocr_line' id='line_1_20' title="bbox 55 2188 1153 2255; baseline 0.004 -20"><span class='ocrx_word' id='word_1_149' title='bbox 55 2193 143 2250; x_wconf 76' lang='lat' dir='ltr'><strong>pertun</strong></span> <span class='ocrx_word' id='word_1_150' title='bbox 161 2189 239 2251; x_wconf 88' lang='lat' dir='ltr'><strong>Apul.</strong></span> <span class='ocrx_word' id='word_1_151' title='bbox 248 2189 339 2239; x_wconf 77' lang='lat' dir='ltr'><strong>lihrx.</strong></span> <span class='ocrx_word' id='word_1_152' title='bbox 356 2188 425 2239; x_wconf 89' lang='lat' dir='ltr'><strong>Auru</strong></span> <span class='ocrx_word' id='word_1_153' title='bbox 435 2191 517 2240; x_wconf 76' lang='lat' dir='ltr'><strong>rulant</strong></span> <span class='ocrx_word' id='word_1_154' title='bbox 526 2190 585 2239; x_wconf 82' lang='lat' dir='ltr'><strong>atla·</strong></span> <span class='ocrx_word' id='word_1_155' title='bbox 626 2192 683 2252; x_wconf 77' lang='lat' dir='ltr'><strong>rige</strong></span> <span class='ocrx_word' id='word_1_156' title='bbox 693 2192 829 2252; x_wconf 72' lang='lat' dir='ltr'><strong>absorptus</strong></span> <span class='ocrx_word' id='word_1_157' title='bbox 838 2202 894 2240; x_wconf 84' lang='lat' dir='ltr'><strong>eat:</strong></span> <span class='ocrx_word' id='word_1_158' title='bbox 910 2191 1091 2255; x_wconf 68' lang='lat' dir='ltr'><strong>Amphilochus</strong></span> <span class='ocrx_word' id='word_1_159' title='bbox 1103 2192 1153 2239; x_wconf 85' lang='lat' dir='ltr'><strong>eti·</strong></span> 
     </span>
     <span class='ocr_line' id='line_1_21' title="bbox 58 2262 1153 2329; baseline 0.001 -18"><span class='ocrx_word' id='word_1_160' title='bbox 58 2262 181 2313; x_wconf 72' lang='lat' dir='ltr'><strong>mentina</strong></span> <span class='ocrx_word' id='word_1_161' title='bbox 194 2266 272 2313; x_wconf 81' lang='lat' dir='ltr'><strong>etiam</strong></span> <span class='ocrx_word' id='word_1_162' title='bbox 286 2264 410 2329; x_wconf 75' lang='lat' dir='ltr'>perfringi</span> <span class='ocrx_word' id='word_1_163' title='bbox 422 2265 499 2316; x_wconf 83' lang='lat' dir='ltr'><strong>iuret.</strong></span> <span class='ocrx_word' id='word_1_164' title='bbox 525 2267 585 2316; x_wconf 84' lang='lat' dir='ltr'><strong>ilua</strong></span> <span class='ocrx_word' id='word_1_165' title='bbox 626 2279 666 2312; x_wconf 85' lang='lat' dir='ltr'><strong>am</strong></span> <span class='ocrx_word' id='word_1_166' title='bbox 684 2267 749 2314; x_wconf 81' lang='lat' dir='ltr'><strong>alter</strong></span> <span class='ocrx_word' id='word_1_167' title='bbox 770 2266 826 2326; x_wconf 73' lang='lat' dir='ltr'><strong>ejus</strong></span> <span class='ocrx_word' id='word_1_168' title='bbox 846 2265 913 2313; x_wconf 85' lang='lat' dir='ltr'><strong>filine</strong></span> <span class='ocrx_word' id='word_1_169' title='bbox 931 2268 955 2312; x_wconf 91' lang='lat' dir='ltr'><strong>in</strong></span> <span class='ocrx_word' id='word_1_170' title='bbox 974 2267 1029 2314; x_wconf 85' lang='lat' dir='ltr'><strong>acie</strong></span> <span class='ocrx_word' id='word_1_171' title='bbox 1046 2265 1153 2314; x_wconf 85' lang='lat' dir='ltr'><strong>cecidit.</strong></span> 
     </span>
     <span class='ocr_line' id='line_1_22' title="bbox 57 2338 1153 2410; baseline 0.002 -23"><span class='ocrx_word' id='word_1_172' title='bbox 57 2338 121 2389; x_wconf 79' lang='lat' dir='ltr'><strong>iacit</strong></span> <span class='ocrx_word' id='word_1_173' title='bbox 133 2340 274 2402; x_wconf 73' lang='lat' dir='ltr'>epithetum</span> <span class='ocrx_word' id='word_1_174' title='bbox 284 2341 524 2404; x_wconf 52' lang='lat' dir='ltr'><strong>&amp;praeeminuerunt</strong></span> <span class='ocrx_word' id='word_1_175' title='bbox 539 2343 587 2410; x_wconf 78' lang='lat' dir='ltr'><strong>late</strong></span> <span class='ocrx_word' id='word_1_176' title='bbox 624 2340 665 2387; x_wconf 80' lang='lat' dir='ltr'><strong>Sic</strong></span> <span class='ocrx_word' id='word_1_177' title='bbox 684 2348 738 2386; x_wconf 85' lang='lat' dir='ltr'><strong>tota</strong></span> <span class='ocrx_word' id='word_1_178' title='bbox 759 2338 906 2386; x_wconf 77' lang='lat' dir='ltr'><strong>‘concidit&#39;</strong></span> <span class='ocrx_word' id='word_1_179' title='bbox 924 2341 978 2398; x_wconf 78' lang='lat' dir='ltr'><strong>ejus</strong></span> <span class='ocrx_word' id='word_1_180' title='bbox 1000 2340 1105 2388; x_wconf 76' lang='lat' dir='ltr'><strong>‘domus</strong></span> <span class='ocrx_word' id='word_1_181' title='bbox 1117 2341 1153 2390; x_wconf 89' lang='lat' dir='ltr'><strong>uh</strong></span> 
     </span>
     <span class='ocr_line' id='line_1_23' title="bbox 55 2411 1154 2479; baseline -0.004 -14"><span class='ocrx_word' id='word_1_182' title='bbox 55 2421 144 2476; x_wconf 76' lang='lat' dir='ltr'><strong>pum,</strong></span> <span class='ocrx_word' id='word_1_183' title='bbox 163 2417 231 2479; x_wconf 85' lang='lat' dir='ltr'><strong>quud</strong></span> <span class='ocrx_word' id='word_1_184' title='bbox 244 2416 348 2466; x_wconf 89' lang='lat' dir='ltr'><strong>Plutoni</strong></span> <span class='ocrx_word' id='word_1_185' title='bbox 367 2418 495 2463; x_wconf 75' lang='lat' dir='ltr'><strong>tribuitur.</strong></span> <span class='ocrx_word' id='word_1_186' title='bbox 529 2414 583 2462; x_wconf 83' lang='lat' dir='ltr'><strong>liu·</strong></span> <span class='ocrx_word' id='word_1_187' title='bbox 623 2414 719 2460; x_wconf 85' lang='lat' dir='ltr'><strong>lucrum</strong></span> <span class='ocrx_word' id='word_1_188' title='bbox 731 2413 849 2459; x_wconf 79' lang='lat' dir='ltr'><strong>demersa</strong></span> <span class='ocrx_word' id='word_1_189' title='bbox 861 2411 987 2468; x_wconf 80' lang='lat' dir='ltr'><strong>excidio;&#39;</strong></span> <span class='ocrx_word' id='word_1_190' title='bbox 1007 2414 1055 2466; x_wconf 83' lang='lat' dir='ltr'><strong>vel,</strong></span> <span class='ocrx_word' id='word_1_191' title='bbox 1074 2422 1102 2460; x_wconf 93' lang='lat' dir='ltr'><strong>ut</strong></span> <span class='ocrx_word' id='word_1_192' title='bbox 1116 2415 1154 2461; x_wconf 87' lang='lat' dir='ltr'><strong>le·</strong></span> 
     </span>
     <span class='ocr_line' id='line_1_24' title="bbox 57 2487 1152 2554; baseline 0 -17"><span class='ocrx_word' id='word_1_193' title='bbox 57 2505 121 2538; x_wconf 89' lang='lat' dir='ltr'><strong>mer.</strong></span> <span class='ocrx_word' id='word_1_194' title='bbox 136 2490 230 2554; x_wconf 83' lang='lat' dir='ltr'><strong>Odyaa.</strong></span> <span class='ocrx_word' id='word_1_195' title='bbox 241 2499 269 2540; x_wconf 81' lang='lat' dir='ltr'><strong>N.</strong></span> <span class='ocrx_word' id='word_1_196' title='bbox 300 2492 405 2539; x_wconf 85' lang='lat' dir='ltr'><strong>Pindar.</strong></span> <span class='ocrx_word' id='word_1_197' title='bbox 415 2490 493 2552; x_wconf 85' lang='lat' dir='ltr'><strong>Pytlr.</strong></span> <span class='ocrx_word' id='word_1_198' title='bbox 622 2497 684 2550; x_wconf 77' lang='lat' dir='ltr'><strong>gunt</strong></span> <span class='ocrx_word' id='word_1_199' title='bbox 692 2487 861 2548; x_wconf 81' lang='lat' dir='ltr'><strong>alii,‘eaitiu.’</strong></span> <span class='ocrx_word' id='word_1_200' title='bbox 874 2487 939 2534; x_wconf 85' lang='lat' dir='ltr'><strong>Vide</strong></span> <span class='ocrx_word' id='word_1_201' title='bbox 948 2487 1100 2534; x_wconf 85' lang='lat' dir='ltr'><strong>Stat.Theb.</strong></span> <span class='ocrx_word' id='word_1_202' title='bbox 1110 2503 1152 2539; x_wconf 80' lang='lat' dir='ltr'><strong>rr.</strong></span> 
     </span>
    </p>

    <p class='ocr_par' dir='ltr' id='par_1_11' title="bbox 55 2562 1152 2776">
     <span class='ocr_line' id='line_1_25' title="bbox 91 2562 1151 2625; baseline 0.003 -15"><span class='ocrx_word' id='word_1_203' title='bbox 91 2568 118 2611; x_wconf 80' lang='grc' dir='ltr'><strong>ΙΙ</strong></span> <span class='ocrx_word' id='word_1_204' title='bbox 139 2566 249 2612; x_wconf 79' lang='lat' dir='ltr'><strong>Cuncidit</strong></span> <span class='ocrx_word' id='word_1_205' title='bbox 266 2566 373 2623; x_wconf 72' lang='lat' dir='ltr'><strong>Auguria</strong></span> <span class='ocrx_word' id='word_1_206' title='bbox 388 2564 475 2623; x_wconf 72' lang='lat' dir='ltr'><strong>Argiui</strong></span> <span class='ocrx_word' id='word_1_207' title='bbox 493 2565 582 2621; x_wconf 74' lang='lat' dir='ltr'><strong>duma,</strong></span> <span class='ocrx_word' id='word_1_208' title='bbox 622 2563 814 2625; x_wconf 78' lang='lat' dir='ltr'><strong>Cic.lipiat.vr.</strong></span> <span class='ocrx_word' id='word_1_209' title='bbox 824 2568 848 2610; x_wconf 82' lang='grc'><strong>6.</strong></span> <span class='ocrx_word' id='word_1_210' title='bbox 859 2562 890 2609; x_wconf 84' lang='lat' dir='ltr'><strong>ad</strong></span> <span class='ocrx_word' id='word_1_211' title='bbox 900 2562 1073 2611; x_wconf 82' lang='lat' dir='ltr'><strong>Caecinamiur</strong></span> <span class='ocrx_word' id='word_1_212' title='bbox 1085 2567 1151 2613; x_wconf 81' lang='lat' dir='ltr'><strong>ecri-</strong></span> 
     </span>
     <span class='ocr_line' id='line_1_26' title="bbox 57 2637 1152 2700; baseline 0.003 -16"><span class='ocrx_word' id='word_1_213' title='bbox 57 2639 109 2700; x_wconf 64' lang='lat' dir='ltr'><strong>te]</strong></span> <span class='ocrx_word' id='word_1_214' title='bbox 129 2639 254 2686; x_wconf 71' lang='lat' dir='ltr'><strong>Adrastus</strong></span> <span class='ocrx_word' id='word_1_215' title='bbox 266 2639 421 2700; x_wconf 78' lang='lat' dir='ltr'><strong>Argivorum</strong></span> <span class='ocrx_word' id='word_1_216' title='bbox 437 2639 491 2686; x_wconf 76' lang='lat' dir='ltr'><strong>Rex</strong></span> <span class='ocrx_word' id='word_1_217' title='bbox 504 2638 582 2700; x_wconf 78' lang='lat' dir='ltr'><strong>Poly·</strong></span> <span class='ocrx_word' id='word_1_218' title='bbox 621 2638 674 2685; x_wconf 85' lang='lat' dir='ltr'><strong>hit:</strong></span> <span class='ocrx_word' id='word_1_219' title='bbox 691 2641 698 2666; x_wconf 85' lang='lat'>‘</span> <span class='ocrx_word' id='word_1_220' title='bbox 714 2638 815 2685; x_wconf 75' lang='lat' dir='ltr'><strong>Veritus</strong></span> <span class='ocrx_word' id='word_1_221' title='bbox 838 2652 893 2685; x_wconf 81' lang='lat' dir='ltr'><strong>aum</strong></span> <span class='ocrx_word' id='word_1_222' title='bbox 915 2638 1005 2685; x_wconf 80' lang='lat' dir='ltr'><strong>deeate</strong></span> <span class='ocrx_word' id='word_1_223' title='bbox 1028 2637 1152 2700; x_wconf 85' lang='lat' dir='ltr'><strong>Pompeii</strong></span> 
     </span>
     <span class='ocr_line' id='line_1_27' title="bbox 55 2713 1150 2776; baseline 0.001 -15"><span class='ocrx_word' id='word_1_224' title='bbox 55 2714 106 2761; x_wconf 87' lang='lat' dir='ltr'><strong>nici</strong></span> <span class='ocrx_word' id='word_1_225' title='bbox 129 2728 224 2776; x_wconf 77' lang='lat' dir='ltr'><strong>genero</strong></span> <span class='ocrx_word' id='word_1_226' title='bbox 245 2729 290 2761; x_wconf 84' lang='lat' dir='ltr'><strong>tuo</strong></span> <span class='ocrx_word' id='word_1_227' title='bbox 309 2713 453 2763; x_wconf 77' lang='lat' dir='ltr'>Thebarum</span> <span class='ocrx_word' id='word_1_228' title='bbox 475 2727 580 2776; x_wconf 74' lang='lat' dir='ltr'><strong>regnum</strong></span> <span class='ocrx_word' id='word_1_229' title='bbox 621 2715 708 2768; x_wconf 71' lang='lat' dir='ltr'><strong>saltui,</strong></span> <span class='ocrx_word' id='word_1_230' title='bbox 728 2727 785 2761; x_wconf 87' lang='lat' dir='ltr'><strong>cum</strong></span> <span class='ocrx_word' id='word_1_231' title='bbox 803 2713 847 2762; x_wconf 92' lang='lat' dir='ltr'><strong>ille</strong></span> <span class='ocrx_word' id='word_1_232' title='bbox 865 2713 1002 2776; x_wconf 83' lang='lat' dir='ltr'><strong>aliquando</strong></span> <span class='ocrx_word' id='word_1_233' title='bbox 1014 2727 1062 2761; x_wconf 88' lang='lat' dir='ltr'><strong>nnn</strong></span> <span class='ocrx_word' id='word_1_234' title='bbox 1074 2713 1150 2763; x_wconf 82' lang='lat' dir='ltr'><strong>deiu-</strong></span> 
     </span>
    </p>

    <p class='ocr_par' dir='ltr' id='par_1_12' title="bbox 39 2787 1150 4128">
     <span class='ocr_line' id='line_1_28' title="bbox 39 2787 1150 2852; baseline 0.001 -16"><span class='ocrx_word' id='word_1_235' title='bbox 39 2802 170 2837; x_wconf 84' lang='lat' dir='ltr'><strong>·aaterere</strong></span> <span class='ocrx_word' id='word_1_236' title='bbox 191 2790 266 2838; x_wconf 84' lang='lat' dir='ltr'><strong>armit</strong></span> <span class='ocrx_word' id='word_1_237' title='bbox 287 2791 413 2852; x_wconf 81' lang='lat' dir='ltr'><strong>arrrcepit:</strong></span> <span class='ocrx_word' id='word_1_238' title='bbox 433 2791 466 2837; x_wconf 79' lang='lat' dir='ltr'><strong>ad</strong></span> <span class='ocrx_word' id='word_1_239' title='bbox 487 2790 580 2838; x_wconf 88' lang='lat' dir='ltr'><strong>bellum</strong></span> <span class='ocrx_word' id='word_1_240' title='bbox 621 2788 766 2837; x_wconf 79' lang='lat' dir='ltr'><strong>ieeetnreae.</strong></span> <span class='ocrx_word' id='word_1_241' title='bbox 799 2789 891 2852; x_wconf 86' lang='lat' dir='ltr'><strong>ltaque</strong></span> <span class='ocrx_word' id='word_1_242' title='bbox 904 2790 943 2835; x_wconf 84' lang='lat' dir='ltr'><strong>vei</strong></span> <span class='ocrx_word' id='word_1_243' title='bbox 956 2787 1097 2846; x_wconf 62' lang='lat' dir='ltr'><strong>officiave!</strong></span> <span class='ocrx_word' id='word_1_244' title='bbox 1110 2788 1150 2837; x_wconf 83' lang='lat' dir='ltr'><strong>ia·</strong></span> 
     </span>
     <span class='ocr_line' id='line_1_29' title="bbox 55 2864 1149 2926; baseline 0 -14"><span class='ocrx_word' id='word_1_245' title='bbox 55 2872 141 2912; x_wconf 86' lang='lat' dir='ltr'><strong>autem</strong></span> <span class='ocrx_word' id='word_1_246' title='bbox 164 2865 265 2912; x_wconf 77' lang='lat' dir='ltr'><strong>trahere</strong></span> <span class='ocrx_word' id='word_1_247' title='bbox 294 2865 373 2912; x_wconf 83' lang='lat' dir='ltr'><strong>voluit</strong></span> <span class='ocrx_word' id='word_1_248' title='bbox 398 2864 581 2926; x_wconf 69' lang='lat' dir='ltr'><strong>Amphiaraum</strong></span> <span class='ocrx_word' id='word_1_249' title='bbox 622 2879 663 2912; x_wconf 91' lang='lat' dir='ltr'><strong>tna</strong></span> <span class='ocrx_word' id='word_1_250' title='bbox 686 2865 817 2920; x_wconf 85' lang='lat' dir='ltr'><strong>bonorum,</strong></span> <span class='ocrx_word' id='word_1_251' title='bbox 839 2866 879 2912; x_wconf 80' lang='lat' dir='ltr'><strong>vel</strong></span> <span class='ocrx_word' id='word_1_252' title='bbox 900 2864 998 2926; x_wconf 84' lang='lat' dir='ltr'><strong>puriore</strong></span> <span class='ocrx_word' id='word_1_253' title='bbox 1015 2866 1149 2920; x_wconf 53' lang='lat' dir='ltr'><strong>victitant</strong></span> 
     </span>
     <span class='ocr_line' id='line_1_30' title="bbox 55 2938 1149 3003; baseline 0.003 -18"><span class='ocrx_word' id='word_1_254' title='bbox 55 2947 150 2987; x_wconf 84' lang='lat' dir='ltr'><strong>vatem.</strong></span> <span class='ocrx_word' id='word_1_255' title='bbox 186 2939 248 2999; x_wconf 81' lang='lat' dir='ltr'><strong>llic,</strong></span> <span class='ocrx_word' id='word_1_256' title='bbox 272 2939 382 3000; x_wconf 74' lang='lat' dir='ltr'><strong>auguriis</strong></span> <span class='ocrx_word' id='word_1_257' title='bbox 410 2940 461 2986; x_wconf 81' lang='lat' dir='ltr'><strong>anie</strong></span> <span class='ocrx_word' id='word_1_258' title='bbox 490 2938 582 2987; x_wconf 85' lang='lat' dir='ltr'><strong>(luetur</strong></span> <span class='ocrx_word' id='word_1_259' title='bbox 622 2941 647 2986; x_wconf 89' lang='lat' dir='ltr'><strong>iu</strong></span> <span class='ocrx_word' id='word_1_260' title='bbox 668 2939 760 2989; x_wconf 81' lang='lat' dir='ltr'><strong>sahulir</strong></span> <span class='ocrx_word' id='word_1_261' title='bbox 780 2941 959 3003; x_wconf 77' lang='lat' dir='ltr'><strong>Amphiaraus,</strong></span> <span class='ocrx_word' id='word_1_262' title='bbox 977 2941 1149 3001; x_wconf 70' lang='lat' dir='ltr'><strong>aicegupru·</strong></span> 
     </span>
     <span class='ocr_line' id='line_1_31' title="bbox 55 3015 1149 3078; baseline 0.004 -16"><span class='ocrx_word' id='word_1_263' title='bbox 55 3016 123 3066; x_wconf 87' lang='lat' dir='ltr'><strong>male</strong></span> <span class='ocrx_word' id='word_1_264' title='bbox 135 3029 264 3064; x_wconf 78' lang='lat' dir='ltr'><strong>uersuram</strong></span> <span class='ocrx_word' id='word_1_265' title='bbox 281 3016 305 3063; x_wconf 84' lang='lat' dir='ltr'><strong>in</strong></span> <span class='ocrx_word' id='word_1_266' title='bbox 323 3015 459 3064; x_wconf 77' lang='lat' dir='ltr'><strong>Thebanos</strong></span> <span class='ocrx_word' id='word_1_267' title='bbox 477 3017 582 3078; x_wconf 79' lang='lat' dir='ltr'><strong>expedi·</strong></span> <span class='ocrx_word' id='word_1_268' title='bbox 623 3017 686 3066; x_wconf 82' lang='lat' dir='ltr'><strong>dent</strong></span> <span class='ocrx_word' id='word_1_269' title='bbox 698 3026 724 3066; x_wconf 87' lang='lat' dir='ltr'><strong>et</strong></span> <span class='ocrx_word' id='word_1_270' title='bbox 737 3018 820 3065; x_wconf 78' lang='lat' dir='ltr'><strong>acient</strong></span> <span class='ocrx_word' id='word_1_271' title='bbox 832 3018 864 3064; x_wconf 88' lang='lat' dir='ltr'><strong>ad</strong></span> <span class='ocrx_word' id='word_1_272' title='bbox 878 3026 973 3078; x_wconf 78' lang='lat' dir='ltr'><strong>pestem</strong></span> <span class='ocrx_word' id='word_1_273' title='bbox 989 3024 1048 3064; x_wconf 88' lang='lat' dir='ltr'><strong>aute</strong></span> <span class='ocrx_word' id='word_1_274' title='bbox 1059 3017 1149 3066; x_wconf 83' lang='lat' dir='ltr'><strong>oculor</strong></span> 
     </span>
     <span class='ocr_line' id='line_1_32' title="bbox 54 3090 1148 3153; baseline 0.002 -14"><span class='ocrx_word' id='word_1_275' title='bbox 54 3093 161 3153; x_wconf 86' lang='lat' dir='ltr'><strong>tionem,</strong></span> <span class='ocrx_word' id='word_1_276' title='bbox 179 3101 298 3142; x_wconf 80' lang='lat' dir='ltr'><strong>avertere</strong></span> <span class='ocrx_word' id='word_1_277' title='bbox 315 3095 383 3141; x_wconf 86' lang='lat' dir='ltr'><strong>illam</strong></span> <span class='ocrx_word' id='word_1_278' title='bbox 400 3092 495 3141; x_wconf 83' lang='lat' dir='ltr'><strong>irurtra</strong></span> <span class='ocrx_word' id='word_1_279' title='bbox 506 3107 582 3141; x_wconf 81' lang='lat' dir='ltr'><strong>cuna·</strong></span> <span class='ocrx_word' id='word_1_280' title='bbox 623 3093 731 3152; x_wconf 73' lang='lat' dir='ltr'><strong>punitam</strong></span> <span class='ocrx_word' id='word_1_281' title='bbox 750 3106 803 3139; x_wconf 79' lang='lat' dir='ltr'><strong>tum</strong></span> <span class='ocrx_word' id='word_1_282' title='bbox 821 3090 971 3153; x_wconf 64' lang='lat' dir='ltr'><strong>protectur!</strong></span> <span class='ocrx_word' id='word_1_283' title='bbox 1003 3092 1034 3138; x_wconf 88' lang='lat' dir='ltr'><strong>Et</strong></span> <span class='ocrx_word' id='word_1_284' title='bbox 1050 3090 1109 3141; x_wconf 87' lang='lat' dir='ltr'><strong>Act.</strong></span> <span class='ocrx_word' id='word_1_285' title='bbox 1121 3093 1148 3141; x_wconf 90' lang='lat' dir='ltr'><strong>in</strong></span> 
     </span>
     <span class='ocr_line' id='line_1_33' title="bbox 56 3165 1149 3232; baseline 0.003 -19"><span class='ocrx_word' id='word_1_286' title='bbox 56 3175 95 3215; x_wconf 81' lang='lat' dir='ltr'><strong>tur</strong></span> <span class='ocrx_word' id='word_1_287' title='bbox 113 3179 169 3228; x_wconf 81' lang='lat' dir='ltr'><strong>eat;</strong></span> <span class='ocrx_word' id='word_1_288' title='bbox 193 3172 247 3232; x_wconf 84' lang='lat' dir='ltr'><strong>ipae</strong></span> <span class='ocrx_word' id='word_1_289' title='bbox 271 3185 330 3217; x_wconf 83' lang='lat' dir='ltr'><strong>reru</strong></span> <span class='ocrx_word' id='word_1_290' title='bbox 352 3169 427 3231; x_wconf 78' lang='lat' dir='ltr'><strong>sugit,</strong></span> <span class='ocrx_word' id='word_1_291' title='bbox 448 3178 476 3216; x_wconf 90' lang='lat' dir='ltr'><strong>et</strong></span> <span class='ocrx_word' id='word_1_292' title='bbox 496 3170 582 3227; x_wconf 86' lang='lat' dir='ltr'><strong>latuit,</strong></span> <span class='ocrx_word' id='word_1_293' title='bbox 621 3167 727 3214; x_wconf 80' lang='lat' dir='ltr'><strong>Verrem</strong></span> <span class='ocrx_word' id='word_1_294' title='bbox 748 3169 872 3213; x_wconf 60' lang='lat' dir='ltr'><strong>venun</strong></span> <span class='ocrx_word' id='word_1_295' title='bbox 889 3165 1056 3228; x_wconf 81' lang='lat' dir='ltr'><strong>&#39;Eriphylam</strong></span> <span class='ocrx_word' id='word_1_296' title='bbox 1074 3181 1149 3216; x_wconf 79' lang='lat' dir='ltr'><strong>aere·</strong></span> 
     </span>
     <span class='ocr_line' id='line_1_34' title="bbox 56 3238 1149 3306; baseline 0.006 -20"><span class='ocrx_word' id='word_1_297' title='bbox 56 3256 105 3288; x_wconf 86' lang='lat' dir='ltr'><strong>una</strong></span> <span class='ocrx_word' id='word_1_298' title='bbox 116 3246 217 3291; x_wconf 83' lang='lat' dir='ltr'><strong>cuuacia</strong></span> <span class='ocrx_word' id='word_1_299' title='bbox 231 3244 353 3306; x_wconf 78' lang='lat' dir='ltr'><strong>Eriphyle</strong></span> <span class='ocrx_word' id='word_1_300' title='bbox 362 3259 440 3291; x_wconf 81' lang='lat' dir='ltr'><strong>uxore</strong></span> <span class='ocrx_word' id='word_1_301' title='bbox 450 3258 503 3292; x_wconf 84' lang='lat' dir='ltr'><strong>aua.</strong></span> <span class='ocrx_word' id='word_1_302' title='bbox 517 3244 580 3292; x_wconf 87' lang='lat' dir='ltr'><strong>Cum</strong></span> <span class='ocrx_word' id='word_1_303' title='bbox 621 3241 703 3301; x_wconf 86' lang='lat' dir='ltr'><strong>pimua</strong></span> <span class='ocrx_word' id='word_1_304' title='bbox 723 3241 748 3287; x_wconf 94' lang='lat' dir='ltr'><strong>in</strong></span> <span class='ocrx_word' id='word_1_305' title='bbox 770 3238 873 3297; x_wconf 78' lang='lat' dir='ltr'><strong>fabulis,</strong></span> <span class='ocrx_word' id='word_1_306' title='bbox 892 3253 923 3286; x_wconf 85' lang='lat' dir='ltr'><strong>eu</strong></span> <span class='ocrx_word' id='word_1_307' title='bbox 946 3242 1099 3303; x_wconf 78' lang='lat' dir='ltr'><strong>cupiditate,</strong></span> <span class='ocrx_word' id='word_1_308' title='bbox 1118 3252 1149 3293; x_wconf 86' lang='lat' dir='ltr'><strong>ut</strong></span> 
     </span>
     <span class='ocr_line' id='line_1_35' title="bbox 54 3312 1147 3385; baseline 0.005 -24"><span class='ocrx_word' id='word_1_309' title='bbox 54 3318 579 3378; x_wconf 74' lang='lat' dir='ltr'><strong>ergaquaereretur,latebraeilladetexit,</strong></span> <span class='ocrx_word' id='word_1_310' title='bbox 620 3327 677 3360; x_wconf 82' lang='lat' dir='ltr'><strong>cunr</strong></span> <span class='ocrx_word' id='word_1_311' title='bbox 695 3312 808 3385; x_wconf 70' lang='lat' dir='ltr'><strong>¹uidisset</strong></span> <span class='ocrx_word' id='word_1_312' title='bbox 824 3314 917 3361; x_wconf 81' lang='lat' dir='ltr'><strong>munile</strong></span> <span class='ocrx_word' id='word_1_313' title='bbox 934 3317 977 3376; x_wconf 91' lang='lat' dir='ltr'><strong>(ut</strong></span> <span class='ocrx_word' id='word_1_314' title='bbox 995 3318 1097 3379; x_wconf 83' lang='lat' dir='ltr'><strong>opinor)</strong></span> <span class='ocrx_word' id='word_1_315' title='bbox 1113 3333 1147 3368; x_wconf 84' lang='lat' dir='ltr'><strong>ex</strong></span> 
     </span>
     <span class='ocr_line' id='line_1_36' title="bbox 55 3387 1147 3450; baseline 0.002 -15"><span class='ocrx_word' id='word_1_316' title='bbox 55 3398 132 3450; x_wconf 78' lang='lat' dir='ltr'><strong>pecta</strong></span> <span class='ocrx_word' id='word_1_317' title='bbox 145 3393 238 3439; x_wconf 90' lang='lat' dir='ltr'><strong>monile</strong></span> <span class='ocrx_word' id='word_1_318' title='bbox 250 3407 352 3439; x_wconf 85' lang='lat' dir='ltr'><strong>aureum</strong></span> <span class='ocrx_word' id='word_1_319' title='bbox 364 3393 411 3440; x_wconf 87' lang='lat' dir='ltr'><strong>aihi</strong></span> <span class='ocrx_word' id='word_1_320' title='bbox 423 3392 536 3439; x_wconf 82' lang='lat' dir='ltr'><strong>dandum</strong></span> <span class='ocrx_word' id='word_1_321' title='bbox 547 3392 578 3438; x_wconf 85' lang='lat' dir='ltr'><strong>ah</strong></span> <span class='ocrx_word' id='word_1_322' title='bbox 620 3399 680 3433; x_wconf 79' lang='lat' dir='ltr'><strong>auru</strong></span> <span class='ocrx_word' id='word_1_323' title='bbox 703 3394 729 3434; x_wconf 87' lang='lat' dir='ltr'><strong>et</strong></span> <span class='ocrx_word' id='word_1_324' title='bbox 748 3387 863 3448; x_wconf 73' lang='lat' dir='ltr'><strong>gemmis,</strong></span> <span class='ocrx_word' id='word_1_325' title='bbox 882 3389 1071 3449; x_wconf 82' lang='lat' dir='ltr'><strong>pulchritudine</strong></span> <span class='ocrx_word' id='word_1_326' title='bbox 1088 3392 1147 3450; x_wconf 73' lang='lat' dir='ltr'><strong>ejus</strong></span> 
     </span>
     <span class='ocr_line' id='line_1_37' title="bbox 55 3461 1147 3526; baseline 0.003 -16"><span class='ocrx_word' id='word_1_327' title='bbox 55 3464 135 3526; x_wconf 77' lang='lat' dir='ltr'><strong>Argia</strong></span> <span class='ocrx_word' id='word_1_328' title='bbox 148 3478 227 3512; x_wconf 83' lang='lat' dir='ltr'><strong>uxore</strong></span> <span class='ocrx_word' id='word_1_329' title='bbox 240 3466 379 3524; x_wconf 73' lang='lat' dir='ltr'><strong>Polymnii,</strong></span> <span class='ocrx_word' id='word_1_330' title='bbox 391 3465 494 3510; x_wconf 78' lang='lat' dir='ltr'><strong>Adrasti</strong></span> <span class='ocrx_word' id='word_1_331' title='bbox 510 3463 578 3521; x_wconf 88' lang='lat' dir='ltr'><strong>filia;</strong></span> <span class='ocrx_word' id='word_1_332' title='bbox 618 3461 723 3509; x_wconf 81' lang='lat' dir='ltr'><strong>incensa</strong></span> <span class='ocrx_word' id='word_1_333' title='bbox 742 3464 851 3511; x_wconf 74' lang='lat' dir='ltr'><strong>salutem</strong></span> <span class='ocrx_word' id='word_1_334' title='bbox 871 3465 920 3512; x_wconf 85' lang='lat' dir='ltr'><strong>viri</strong></span> <span class='ocrx_word' id='word_1_335' title='bbox 939 3464 1076 3526; x_wconf 60' lang='lat' dir='ltr'><strong>proderet)</strong></span> <span class='ocrx_word' id='word_1_336' title='bbox 1111 3466 1147 3516; x_wconf 84' lang='lat' dir='ltr'><strong>Et</strong></span> 
     </span>
     <span class='ocr_line' id='line_1_38' title="bbox 55 3537 1147 3603; baseline 0 -15"><span class='ocrx_word' id='word_1_337' title='bbox 55 3540 122 3603; x_wconf 83' lang='lat' dir='ltr'><strong>quod</strong></span> <span class='ocrx_word' id='word_1_338' title='bbox 143 3541 202 3587; x_wconf 87' lang='lat' dir='ltr'><strong>oliru</strong></span> <span class='ocrx_word' id='word_1_339' title='bbox 222 3553 318 3586; x_wconf 76' lang='lat' dir='ltr'><strong>summa</strong></span> <span class='ocrx_word' id='word_1_340' title='bbox 331 3546 385 3585; x_wconf 88' lang='lat' dir='ltr'><strong>arte</strong></span> <span class='ocrx_word' id='word_1_341' title='bbox 399 3538 529 3585; x_wconf 84' lang='lat' dir='ltr'><strong>Vuleauua</strong></span> <span class='ocrx_word' id='word_1_342' title='bbox 541 3537 577 3584; x_wconf 82' lang='lat' dir='ltr'><strong>ia·</strong></span> <span class='ocrx_word' id='word_1_343' title='bbox 619 3537 651 3583; x_wconf 89' lang='lat' dir='ltr'><strong>de</strong></span> <span class='ocrx_word' id='word_1_344' title='bbox 673 3538 774 3587; x_wconf 83' lang='lat' dir='ltr'><strong>lnrent.</strong></span> <span class='ocrx_word' id='word_1_345' title='bbox 795 3553 814 3586; x_wconf 88' lang='grc'><strong>1.</strong></span> <span class='ocrx_word' id='word_1_346' title='bbox 834 3555 858 3587; x_wconf 91' lang='lat' dir='ltr'><strong>n.</strong></span> <span class='ocrx_word' id='word_1_347' title='bbox 872 3546 911 3588; x_wconf 75' lang='lat' dir='ltr'><strong>ut.</strong></span> <span class='ocrx_word' id='word_1_348' title='bbox 928 3539 1068 3599; x_wconf 77' lang='lat' dir='ltr'><strong>‘Eriphyle</strong></span> <span class='ocrx_word' id='word_1_349' title='bbox 1082 3555 1147 3592; x_wconf 87' lang='lat' dir='ltr'><strong>auro</strong></span> 
     </span>
     <span class='ocr_line' id='line_1_39' title="bbox 55 3612 1147 3678; baseline -0.001 -14"><span class='ocrx_word' id='word_1_350' title='bbox 55 3613 578 3676; x_wconf 74' lang='lat' dir='ltr'><strong>bricaratgemmisqneeanruarat.l&#39;rac·</strong></span> <span class='ocrx_word' id='word_1_351' title='bbox 620 3612 667 3658; x_wconf 82' lang='lat' dir='ltr'><strong>viri</strong></span> <span class='ocrx_word' id='word_1_352' title='bbox 692 3615 769 3662; x_wconf 87' lang='lat' dir='ltr'><strong>vitam</strong></span> <span class='ocrx_word' id='word_1_353' title='bbox 793 3612 926 3663; x_wconf 69' lang='lat' dir='ltr'><strong>vendidit!</strong></span> <span class='ocrx_word' id='word_1_354' title='bbox 958 3613 1020 3673; x_wconf 79' lang='lat' dir='ltr'><strong>Ejus</strong></span> <span class='ocrx_word' id='word_1_355' title='bbox 1040 3628 1147 3678; x_wconf 75' lang='lat' dir='ltr'><strong>quoque</strong></span> 
     </span>
     <span class='ocr_line' id='line_1_40' title="bbox 56 3685 1145 3752; baseline -0.004 -13"><span class='ocrx_word' id='word_1_356' title='bbox 56 3698 95 3740; x_wconf 83' lang='lat' dir='ltr'><strong>tna</strong></span> <span class='ocrx_word' id='word_1_357' title='bbox 107 3692 193 3752; x_wconf 90' lang='lat' dir='ltr'><strong>itaque</strong></span> <span class='ocrx_word' id='word_1_358' title='bbox 205 3696 245 3737; x_wconf 84' lang='lat' dir='ltr'><strong>eat</strong></span> <span class='ocrx_word' id='word_1_359' title='bbox 263 3688 432 3750; x_wconf 77' lang='lat' dir='ltr'><strong>Amphiaraus</strong></span> <span class='ocrx_word' id='word_1_360' title='bbox 443 3687 475 3735; x_wconf 91' lang='lat' dir='ltr'><strong>ad</strong></span> <span class='ocrx_word' id='word_1_361' title='bbox 487 3688 512 3736; x_wconf 89' lang='lat' dir='ltr'><strong>id</strong></span> <span class='ocrx_word' id='word_1_362' title='bbox 526 3689 578 3736; x_wconf 86' lang='lat' dir='ltr'><strong>bel·</strong></span> <span class='ocrx_word' id='word_1_363' title='bbox 618 3688 734 3736; x_wconf 86' lang='lat' dir='ltr'><strong>meminit</strong></span> <span class='ocrx_word' id='word_1_364' title='bbox 756 3689 832 3736; x_wconf 80' lang='lat' dir='ltr'><strong>Plato</strong></span> <span class='ocrx_word' id='word_1_365' title='bbox 850 3688 882 3734; x_wconf 90' lang='lat' dir='ltr'><strong>de</strong></span> <span class='ocrx_word' id='word_1_366' title='bbox 897 3685 1007 3746; x_wconf 83' lang='lat' dir='ltr'><strong>Republ.</strong></span> <span class='ocrx_word' id='word_1_367' title='bbox 1021 3700 1059 3733; x_wconf 84' lang='lat' dir='ltr'><strong>rx.</strong></span> <span class='ocrx_word' id='word_1_368' title='bbox 1074 3693 1145 3750; x_wconf 83' lang='lat' dir='ltr'><strong>quod</strong></span> 
     </span>
     <span class='ocr_line' id='line_1_41' title="bbox 55 3760 1145 3827; baseline 0 -14"><span class='ocrx_word' id='word_1_369' title='bbox 55 3769 115 3827; x_wconf 78' lang='lat' dir='ltr'><strong>lunt,</strong></span> <span class='ocrx_word' id='word_1_370' title='bbox 136 3764 242 3812; x_wconf 83' lang='lat' dir='ltr'><strong>exitium</strong></span> <span class='ocrx_word' id='word_1_371' title='bbox 263 3764 288 3810; x_wconf 94' lang='lat' dir='ltr'><strong>iu</strong></span> <span class='ocrx_word' id='word_1_372' title='bbox 305 3778 335 3811; x_wconf 90' lang='lat' dir='ltr'><strong>eu</strong></span> <span class='ocrx_word' id='word_1_373' title='bbox 352 3763 399 3810; x_wconf 81' lang='lat' dir='ltr'><strong>sihi</strong></span> <span class='ocrx_word' id='word_1_374' title='bbox 417 3764 518 3826; x_wconf 77' lang='lat' dir='ltr'><strong>ruitque</strong></span> <span class='ocrx_word' id='word_1_375' title='bbox 532 3765 576 3811; x_wconf 89' lang='lat' dir='ltr'><strong>im·</strong></span> <span class='ocrx_word' id='word_1_376' title='bbox 618 3762 643 3809; x_wconf 90' lang='lat' dir='ltr'><strong>iu</strong></span> <span class='ocrx_word' id='word_1_377' title='bbox 656 3764 792 3825; x_wconf 83' lang='lat' dir='ltr'><strong>perniciem</strong></span> <span class='ocrx_word' id='word_1_378' title='bbox 805 3763 850 3808; x_wconf 84' lang='lat' dir='ltr'><strong>riri</strong></span> <span class='ocrx_word' id='word_1_379' title='bbox 868 3760 959 3808; x_wconf 86' lang='lat' dir='ltr'><strong>mouile</strong></span> <span class='ocrx_word' id='word_1_380' title='bbox 978 3776 1080 3809; x_wconf 87' lang='lat' dir='ltr'><strong>aureum</strong></span> <span class='ocrx_word' id='word_1_381' title='bbox 1101 3779 1145 3813; x_wconf 85' lang='lat' dir='ltr'><strong>ac-</strong></span> 
     </span>
     <span class='ocr_line' id='line_1_42' title="bbox 55 3834 1145 3904; baseline -0.008 -14"><span class='ocrx_word' id='word_1_382' title='bbox 55 3843 167 3904; x_wconf 90' lang='lat' dir='ltr'><strong>peudere</strong></span> <span class='ocrx_word' id='word_1_383' title='bbox 191 3853 240 3887; x_wconf 87' lang='lat' dir='ltr'><strong>nun</strong></span> <span class='ocrx_word' id='word_1_384' title='bbox 268 3839 376 3900; x_wconf 77' lang='lat' dir='ltr'><strong>ignarus.</strong></span> <span class='ocrx_word' id='word_1_385' title='bbox 409 3837 492 3885; x_wconf 86' lang='lat' dir='ltr'><strong>Porro</strong></span> <span class='ocrx_word' id='word_1_386' title='bbox 520 3854 577 3886; x_wconf 91' lang='lat' dir='ltr'><strong>curn</strong></span> <span class='ocrx_word' id='word_1_387' title='bbox 618 3840 725 3900; x_wconf 82' lang='lat' dir='ltr'><strong>ceperit.</strong></span> <span class='ocrx_word' id='word_1_388' title='bbox 751 3834 1029 3898; x_wconf 76' lang='lat' dir='ltr'><strong>Virgil.AEn.vr.445.</strong></span> <span class='ocrx_word' id='word_1_389' title='bbox 1046 3839 1145 3890; x_wconf 51' lang='grc' dir='ltr'><strong>*Μωμ</strong></span> 
     </span>
     <span class='ocr_line' id='line_1_43' title="bbox 54 3910 1146 3977; baseline -0.005 -13"><span class='ocrx_word' id='word_1_390' title='bbox 54 3918 186 3966; x_wconf 77' lang='lat' dir='ltr'><strong>rlitliciaaet</strong></span> <span class='ocrx_word' id='word_1_391' title='bbox 204 3930 231 3964; x_wconf 86' lang='lat' dir='ltr'><strong>te</strong></span> <span class='ocrx_word' id='word_1_392' title='bbox 252 3915 283 3964; x_wconf 86' lang='lat' dir='ltr'><strong>nh</strong></span> <span class='ocrx_word' id='word_1_393' title='bbox 302 3914 423 3977; x_wconf 83' lang='lat' dir='ltr'><strong>Eriphyle</strong></span> <span class='ocrx_word' id='word_1_394' title='bbox 441 3914 578 3976; x_wconf 82' lang='lat' dir='ltr'><strong>proditum,</strong></span> <span class='ocrx_word' id='word_1_395' title='bbox 620 3921 721 3976; x_wconf 87' lang='lat' dir='ltr'><strong>tamque</strong></span> <span class='ocrx_word' id='word_1_396' title='bbox 734 3910 1062 3975; x_wconf 82' lang='lat' dir='ltr'><strong>EriphyleuCrudelianuti</strong></span> <span class='ocrx_word' id='word_1_397' title='bbox 1074 3930 1146 3965; x_wconf 87' lang='lat' dir='ltr'><strong>mon.</strong></span> 
     </span>
     <span class='ocr_line' id='line_1_44' title="bbox 54 3987 976 4040; baseline 0.001 -4"><span class='ocrx_word' id='word_1_398' title='bbox 54 3992 106 4039; x_wconf 83' lang='lat' dir='ltr'><strong>uuo</strong></span> <span class='ocrx_word' id='word_1_399' title='bbox 120 3992 260 4040; x_wconf 76' lang='lat' dir='ltr'><strong>Alcmaeoni</strong></span> <span class='ocrx_word' id='word_1_400' title='bbox 279 3999 308 4039; x_wconf 91' lang='lat' dir='ltr'><strong>ut</strong></span> <span class='ocrx_word' id='word_1_401' title='bbox 325 3998 431 4038; x_wconf 87' lang='lat' dir='ltr'><strong>matrem</strong></span> <span class='ocrx_word' id='word_1_402' title='bbox 450 3987 578 4038; x_wconf 85' lang='lat' dir='ltr'><strong>interlice-</strong></span> <span class='ocrx_word' id='word_1_403' title='bbox 619 3998 744 4038; x_wconf 78' lang='lat' dir='ltr'><strong>struntem</strong></span> <span class='ocrx_word' id='word_1_404' title='bbox 755 3990 859 4037; x_wconf 80' lang='lat' dir='ltr'><strong>vulnera</strong></span> <span class='ocrx_word' id='word_1_405' title='bbox 871 3989 976 4037; x_wconf 85' lang='lat' dir='ltr'><strong>cernit.’</strong></span> 
     </span>
     <span class='ocr_line' id='line_1_45' title="bbox 55 4062 1146 4128; baseline 0.006 -21"><span class='ocrx_word' id='word_1_406' title='bbox 55 4066 245 4113; x_wconf 77' lang='lat' dir='ltr'><strong>retmundurit.</strong></span> <span class='ocrx_word' id='word_1_407' title='bbox 279 4065 424 4117; x_wconf 79' lang='lat' dir='ltr'><strong>Quodcum</strong></span> <span class='ocrx_word' id='word_1_408' title='bbox 443 4064 577 4128; x_wconf 79' lang='lat' dir='ltr'><strong>praeatitia·</strong></span> <span class='ocrx_word' id='word_1_409' title='bbox 652 4067 680 4110; x_wconf 80' lang='lat' dir='ltr'><strong>tt</strong></span> <span class='ocrx_word' id='word_1_410' title='bbox 701 4062 901 4127; x_wconf 79' lang='lat' dir='ltr'><strong>Diffirlitrtrht&#39;ttm</strong></span> <span class='ocrx_word' id='word_1_411' title='bbox 915 4064 1146 4114; x_wconf 76' lang='lat' dir='ltr'><strong>PortastirMuce·</strong></span> 
     </span>
    </p>
   </div>
   <div class='ocr_carea' id='block_1_7' title="bbox 0 0 1208 4200">
    <p class='ocr_par' dir='ltr' id='par_1_13' title="bbox 0 0 1208 4200">
     <span class='ocr_line' id='line_1_46' title="bbox 0 0 1208 4200; baseline 0 1"><span class='ocrx_word' id='word_1_412' title='bbox 0 0 1208 4200; x_wconf 95' lang='lat' dir='ltr'><strong> </strong></span> 
     </span>
    </p>
   </div>
  </div>
 </body>
</html>
