2408 4200
51 218 115 283 190
405 232 438 289 o.
463 230 620 278 nouauit
647 229 777 279 raaces

136 370 290 433 Pulveris
307 371 420 452 exigui
436 390 537 454 prope
550 372 648 433 littus
664 389 769 452 parva
783 368 945 433 Matinum

181 470 335 534 Munera:
356 490 418 534 nec
433 471 610 553 quicquam
624 469 685 532 tibi
698 468 837 550 prodest

49 679 152 740 μὶυεήι
160 679 245 728 donem
255 687 322 731 tener
331 679 497 740 co’e'rcetjsrtr
507 694 572 729 mern
580 678 708 727 Mutinam.
733 679 803 728 Nihil
810 693 867 740 ergo
876 680 967 745 preficit
979 681 1024 730 libi
1032 683 1134 743 mortnii,

51 947 158 997 unitus
164 951 354 1013 parntem·
367 951 437 1000 Libri
451 958 510 1000 cute
522 951 621 1000 Fabric.
635 950 813 1013 Ankyra-s
823 950 908 998 Polm.
920 950 1022 999 Gembl.
1032 954 1137 1000 histros

51 1027 75 1074 p.
86 1013 205 1062 Malim
212 1029 222 1071 ,·
239 1015 293 1064 Alt.
303 1019 327 1065 il.
338 1015 396 1064 liter
403 1030 427 1078 p.
437 1015 607 1064 missen-4
620 1014 718 1063 Funera
729 1028 775 1076 pro
787 1014 888 1063 arum
898 1015 962 1076 conj.
973 1015 1032 1063 Nic.
1046 1015 1136 1063 licius.

544 1188 651 1239 NO'l'AE

51 1317 183 1366 oraculum
204 1315 341 1379 Apollinh,
365 1330 414 1380 quo
442 1329 573 1364 numerum
614 1314 787 1377 prodltioues,'
804 1318 853 1363 tec.
886 1316 912 1364 ls
931 1315 1137 1378 Pythagoricum

54 1405 141 1440 urente
169 1390 217 1438 sihi
242 1399 330 1440 notum
359 1405 415 1439 etto
441 1390 574 1451 gloriatur,
614 1389 810 1453 Philosophicis,
827 1391 960 1439 Platonica
982 1392 1006 1439 iu
1028 1392 1138 1440 Geome-

52 1464 114 1515 Oiin
129 1467 175 1527 lyd
194 1465 323 1525 ψάμμου·
343 1461 575 1527 incurrionem
615 1463 686 1511 tricis
698 1471 831 1526 praecepta
842 1466 968 1513 hauserat.
994 1455 1138 1515 hlothenia·

51 1540 184 1597 θαλάσσης·
193 1555 225 1588 an
237 1541 269 1587 ad
283 1541 374 1588 librum
382 1540 414 1588 ab
423 1537 575 1587 Archimede
615 1536 673 1583 tieis
685 1545 711 1585 et
726 1538 882 1586 Mechanicis
893 1539 990 1586 artibus
1001 1540 1138 1592 excellent,

54 1614 222 1675 compositum
236 1614 277 1660 cui
296 1614 385 1660 titulus
400 1609 532 1670 coppim,
547 1610 573 1657 in
615 1611 760 1658 columbam
776 1613 885 1674 ligneum
897 1614 904 1639 ‘
916 1614 1074 1661 libramentis
1086 1628 1137 1660 sus·

53 1702 103 1751 quo
116 1687 194 1734 initur
210 1686 276 1733 ratio
297 1699 397 1734 arenam
414 1682 573 1746 numerandi,
615 1697 729 1746 pensam,
741 1692 768 1733 et
786 1699 847 1734 aura
862 1686 966 1746 spiritus
987 1687 1083 1734 inclusa
1102 1696 1139 1733 et·

53 1760 76 1807 si
96 1760 203 1807 mundus
220 1774 250 1808 ee
268 1758 335 1809 foret
348 1760 485 1823 oppletus?
509 1759 574 1806 Vide
616 1772 666 1820 qne
678 1750 780 1806 ocdulta
793 1760 919 1806 concitam
937 1758 1036 1807 iecerat
1053 1762 1138 1807 volan·

51 1835 165 1883 Turneb.
189 1847 269 1883 xxvi.
291 1838 315 1882 l.
341 1833 459 1896 Hyginus
481 1833 526 1883 lib.
544 1833 576 1883 de
617 1832 686 1881 tem!
703 1832 863 1881 Gell.x.12.
883 1833 1139 1894 Cerbumprimusin·

54 1909 208 1958 Limitibus:
235 1909 435 1958 ‘Archimedem
459 1909 577 1970 preclari
618 1907 698 1968 venit,
710 1905 822 1954 Platone
833 1914 901 1955 teste
913 1907 937 1954 iu
951 1907 1060 1968 Republ.
1077 1908 1139 1956 Dio·

55 1986 138 2033 virum
149 1984 244 2046 ingenii
255 1983 342 2032 ferunt
354 1984 486 2046 scripsisse
498 1998 577 2045 quan·
618 1995 677 2044 geu.
690 1979 775 2028 Lairt.
784 1981 826 2029 cit.
836 1982 881 2030 lib.
892 1995 954 2029 utu.

55 2071 110 2108 tum
122 2074 255 2108 arenarum
267 2074 360 2123 capere
371 2058 479 2107 muudus
491 2065 577 2122 queat,
650 2060 664 2105 2
679 2058 787 2105 Pulveris
797 2057 889 2119 exigui]
904 2059 939 2106 'l'e
949 2058 1053 2121 dignum
1063 2060 1141 2121 insig-

57 2135 77 2182 si
91 2148 122 2181 ea
133 2134 293 2195 repleretur.’
618 2131 644 2178 nl
655 2132 803 2190 mausoleo,
816 2146 906 2194 nempe
915 2140 953 2180 tot
966 2135 1063 2183 meritis
1076 2149 1141 2194 prer-

88 2213 103 2256 2
120 2207 239 2270 Archyta]
256 2207 383 2269 Cruquius
393 2221 530 2270 perperam
542 2208 578 2255 in·
618 2209 728 2252 stantem
743 2206 792 2253 heu
810 2205 911 2253 cohibet
928 2222 957 2254 ac
970 2209 1035 2268 tegit
1048 2210 1141 2270 pulvir-

55 2283 151 2346 telligit
173 2283 300 2347 quendam
322 2282 462 2344 Archytam
486 2283 579 2330 Firma·
618 2279 688 2326 culus
704 2279 806 2326 marinis
822 2280 922 2341 quidem
943 2283 1015 2330 undis
1036 2284 1139 2330 advolu-

56 2373 116 2407 uum
140 2358 248 2406 Horatio
266 2372 391 2418 comeum,
408 2358 579 2406 Geometricis
619 2360 669 2400 tus·

56 2443 84 2481 et
97 2432 279 2480 Astronomicis
299 2431 521 2481 observationibus
540 2432 575 2477 ni·
650 2425 728 2485 Prope
751 2426 819 2472 littus
848 2425 978 2487 dictinum]
1005 2428 1045 2474 Ad
1072 2443 1139 2477 oram

56 2507 105 2552 mis
125 2507 309 2568 indulgentem,
320 2507 352 2552 de
371 2520 422 2567 quo
441 2505 532 2552 Cicero
545 2504 577 2552 de
618 2499 735 2562 Apulia,
753 2501 795 2546 ubi
806 2500 831 2546 iu
843 2500 961 2548 Lucaniae
974 2502 1083 2552 contiuio
1097 2518 1140 2564 po·

56 2579 145 2624 Diviu.
159 2591 190 2624 ιι.
207 2582 240 2623 ‘o
260 2580 309 2624 vim
321 2592 439 2637 maguam
452 2578 578 2624 errorisl’
619 2580 671 2639 puli
694 2579 791 2641 degunt
814 2580 925 2627 Matini:
943 2588 1001 2629 srrnt
1021 2591 1046 2630 et
1064 2585 1142 2630 saltus

56 2654 104 2697 &o
138 2651 219 2699 Juvat
231 2664 289 2697 cum
300 2653 395 2699 ceteris
411 2652 525 2699 omnibus
538 2667 579 2699 nc·
621 2651 721 2700 buxetia
742 2653 910 2711 abundantes,
930 2656 962 2702 de
982 2656 1072 2718 quibus
1093 2657 1141 2703 Lu·

56 2726 144 2786 cipere
171 2724 213 2771 hic
240 2722 378 2784 Archytam
406 2726 579 2784 Tarentinum,
621 2739 678 2773 cau.
696 2740 736 2774 rx.
759 2732 813 2776 18⁵.
831 2729 922 2775 'calidi
941 2731 1028 2778 lucent
1047 2731 1143 2778 buxeta

58 2799 331 2847 Platonissomiliasem
339 2807 388 2847 eto
400 2802 516 2860 Dionysii
525 2812 581 2847 cru·
622 2799 735 2847 Matini!

56 2873 165 2919 delitate
178 2874 313 2932 vindicem,
325 2873 449 2936 siquidem
462 2876 531 2921 illurn
545 2873 578 2920 ob
649 2878 663 2919 l
684 2876 735 2921 A'ec
744 2877 837 2935 prodest
848 2876 1041 2924 Aissrinrtcntosse
1051 2878 1141 2937 denter]

57 2945 136 2991 verba
147 2946 262 3007 quadam
275 2947 306 2993 de
325 2948 460 3007 tyrannide
476 2947 578 2993 liberius
618 2948 669 2996 Qui
686 2946 784 2994 sactum
798 2958 825 2994 ut
838 2952 926 2995 mortis
943 2952 989 2995 hoc
1004 2964 1082 3007 genus
1095 2952 1140 2996 mi·

59 3019 160 3077 prolata
170 3020 226 3066 neci
240 3020 367 3068 addictum
380 3035 424 3082 pes
438 3021 579 3082 Epistolum
619 3019 753 3069 serendum
766 3021 796 3066 ab
806 3023 881 3066 astris
893 3022 936 3066 tibi
948 3022 1031 3080 pnruri
1044 3036 1093 3068 non
1106 3024 1141 3069 iu-

57 3093 162 3153 eripuit.
197 3095 308 3156 Diogen.
326 3096 581 3143 [substruuntur.
620 3095 749 3141 tellexeris
769 3108 816 3140 nee
828 3092 948 3155 effugeris
966 3094 1081 3141 eruditus
1097 3112 1141 3158 ap-

59 3165 85 3210 is
97 3166 199 3227 praefuit
209 3170 304 3231 septies
323 3184 374 3216 sure
394 3171 503 3230 ciuitati,
523 3184 580 3216 cum
620 3174 701 3235 prime
715 3173 876 3221 Astrouomia
888 3181 913 3220 et
923 3174 1051 3220 hlotheri?
1074 3175 1141 3224 Quin

59 3247 144 3287 tumen
158 3241 300 3302 imperandi
319 3252 417 3305 tempus
435 3252 581 3291 anrroesset
620 3248 749 3308 praescisu
772 3258 796 3295 et
819 3250 947 3295 eluctatus
969 3264 996 3294 es
1018 3247 1106 3308 sellun,
1127 3264 1141 3294 o

58 3328 110 3359 uuo
122 3317 176 3360 uliis
188 3316 320 3363 delinitum
332 3335 338 3362 :
357 3320 423 3365 idem
433 3320 525 3367 ibidem
536 3322 580 3367 ho·
621 3322 753 3384 Archyta?
769 3323 811 3369 Sic
823 3323 971 3382 Astrologos
983 3323 1068 3370 futrua
1078 3338 1141 3385 prte-

58 3386 189 3433 uorificnm
202 3388 324 3448 Archytae
338 3394 492 3438 mentionem
506 3394 581 3440 habet
621 3396 707 3441 videre
718 3403 744 3441 et
757 3395 929 3454 praejudicare
943 3404 1069 3444 tentantes
1080 3399 1139 3444 dato

57 3460 154 3505 Tullius
166 3460 191 3504 in
208 3461 306 3507 Catone
323 3464 437 3522 lllnjorc:
462 3467 578 3510 ‘Vinum-
620 3481 720 3526 semper
731 3467 862 3512 occasione
880 3469 998 3529 suggillut
1013 3473 1141 3518 liorutius.

59 3550 109 3595 que
122 3549 237 3594 maguum
248 3535 362 3595 inprimis
376 3545 402 3582 ct
413 3537 563 3596 praelusum
573 3537 580 3557 ¹
620 3541 704 3587 Aisrs'os
713 3545 812 3586 lmslosse
821 3543 907 3603 domm]
926 3546 1089 3592 Plauetauun
1097 3546 1139 3591 do·

60 3611 180 3664 horninur,
193 3608 277 3654 dicere
289 3608 389 3668 quidem
404 3609 505 3670 egregie
522 3612 579 3656 soli·
620 3615 721 3674 micilia,
733 3615 844 3662 siderum
857 3618 1014 3672 allectiones,
1025 3623 1139 3673 virtutes,

61 3691 128 3728 titur:
146 3682 344 3743 ‘Capitaliorem
363 3684 505 3731 hominibus
524 3700 578 3748 pes·
620 3691 692 3751 situs,
702 3700 829 3753 aspectus,
841 3696 1039 3753 coutcurplatum
1049 3693 1136 3738 scrisse:

60 3764 111 3802 tem
120 3758 211 3804 rutilam
220 3771 274 3804 esse
283 3773 297 3805 a
306 3766 395 3805 natura
405 3758 499 3819 daiam,
506 3775 578 3823 quam
618 3766 739 3826 ultimoque
755 3769 875 3812 rolumluru
891 3769 1037 3813 Pirum-risse
1052 3767 1137 3823 polum,

60 3834 172 3892 eorporis
190 3837 357 3897 voluptatem,
370 3838 441 3897 cujus
457 3838 538 3885 avidae
552 3840 578 3885 li·
620 3842 745 3901 sphaeram
767 3842 924 3905 sphuraeque
956 3840 1138 3897 inclinationes,

62 3903 159 3954 bidiues
173 3916 267 3956 temere
279 3919 305 3958 ct
321 3910 451 3959 ett'ruuure
469 3913 499 3959 ad
513 3915 578 3973 poti·
618 3915 684 3961 orbis
702 3917 769 3962 varin
787 3919 897 3974 climata,
918 3916 1078 3975 diversasque
1100 3930 1137 3961 rc-

59 3977 152 4023 undum
176 3983 348 4032 imitarentur.
395 3986 462 4033 lliuc
488 3989 577 4048 potriae
619 3989 869 4051 niustrecoguoviesp.
