<?xml version="1.0" encoding="UTF-8"?>
<!DOCTYPE html PUBLIC "-//W3C//DTD XHTML 1.0 Transitional//EN"
    "http://www.w3.org/TR/xhtml1/DTD/xhtml1-transitional.dtd">
<html xmlns="http://www.w3.org/1999/xhtml" xml:lang="en" lang="en">
 <head>
  <title>
</title>
<meta http-equiv="Content-Type" content="text/html;charset=utf-8" />
  <meta name='ocr-system' content='tesseract 3.04.00' />
  <meta name='ocr-capabilities' content='ocr_page ocr_carea ocr_par ocr_line ocrx_word'/>
</head>
<body>
  <div class='ocr_page' id='page_1' title='image "./quintihoratiifl00zeungoog_0542.png"; bbox 0 0 2408 4200; ppageno 0'>
   <div class='ocr_carea' id='block_1_1' title="bbox 377 247 1150 313">
    <p class='ocr_par' dir='ltr' id='par_1_1' title="bbox 377 247 1150 313">
     <span class='ocr_line' id='line_1_1' title="bbox 377 247 1150 313; baseline 0.01 -18"><span class='ocrx_word' id='word_1_1' title='bbox 377 248 429 296; x_wconf 75' lang='lat' dir='ltr'>AD</span> <span class='ocrx_word' id='word_1_2' title='bbox 452 249 655 299; x_wconf 78' lang='lat' dir='ltr'>CARMINUM</span> <span class='ocrx_word' id='word_1_3' title='bbox 682 251 753 300; x_wconf 72' lang='grc' dir='ltr'>ΗΕ.</span> <span class='ocrx_word' id='word_1_4' title='bbox 776 253 831 301; x_wconf 85' lang='grc' dir='ltr'><strong>ΙΙΙ.</strong></span> <span class='ocrx_word' id='word_1_5' title='bbox 1083 247 1150 313; x_wconf 69' lang='grc'>543</span> 
     </span>
    </p>
   </div>
   <div class='ocr_carea' id='block_1_2' title="bbox 55 385 1149 1640">
    <p class='ocr_par' dir='ltr' id='par_1_2' title="bbox 55 385 1149 846">
     <span class='ocr_line' id='line_1_2' title="bbox 57 385 1149 460; baseline 0.012 -21"><span class='ocrx_word' id='word_1_6' title='bbox 57 388 235 440; x_wconf 80' lang='lat' dir='ltr'>Horatlllrane</span> <span class='ocrx_word' id='word_1_7' title='bbox 246 385 332 449; x_wconf 79' lang='lat' dir='ltr'>oden,</span> <span class='ocrx_word' id='word_1_8' title='bbox 343 400 376 437; x_wconf 82' lang='lat' dir='ltr'>ex</span> <span class='ocrx_word' id='word_1_9' title='bbox 384 387 481 438; x_wconf 88' lang='lat' dir='ltr'>lonleir</span> <span class='ocrx_word' id='word_1_10' title='bbox 492 404 507 437; x_wconf 86' lang='lat' dir='ltr'>a</span> <span class='ocrx_word' id='word_1_11' title='bbox 517 389 625 454; x_wconf 79' lang='lat' dir='ltr'>minore,</span> <span class='ocrx_word' id='word_1_12' title='bbox 636 402 686 440; x_wconf 83' lang='lat' dir='ltr'>non</span> <span class='ocrx_word' id='word_1_13' title='bbox 698 405 713 441; x_wconf 89' lang='lat' dir='ltr'>a</span> <span class='ocrx_word' id='word_1_14' title='bbox 725 393 829 455; x_wconf 75' lang='lat' dir='ltr'>majora,</span> <span class='ocrx_word' id='word_1_15' title='bbox 840 396 1015 460; x_wconf 86' lang='lat' dir='ltr'>compositam,</span> <span class='ocrx_word' id='word_1_16' title='bbox 1030 401 1074 450; x_wconf 80' lang='lat' dir='ltr'>vix</span> <span class='ocrx_word' id='word_1_17' title='bbox 1085 403 1149 452; x_wconf 82' lang='lat' dir='ltr'>satis</span> 
     </span>
     <span class='ocr_line' id='line_1_3' title="bbox 56 467 1147 540; baseline 0.008 -22"><span class='ocrx_word' id='word_1_18' title='bbox 56 478 128 520; x_wconf 84' lang='lat' dir='ltr'>recte</span> <span class='ocrx_word' id='word_1_19' title='bbox 146 467 293 518; x_wconf 81' lang='lat' dir='ltr'>Sotadicam</span> <span class='ocrx_word' id='word_1_20' title='bbox 312 467 465 517; x_wconf 78' lang='lat' dir='ltr'>sctroliauas</span> <span class='ocrx_word' id='word_1_21' title='bbox 480 481 585 518; x_wconf 69' lang='lat' dir='ltr'>anasse</span> <span class='ocrx_word' id='word_1_22' title='bbox 604 469 728 519; x_wconf 70' lang='lat' dir='ltr'>Bentleio&#39;</span> <span class='ocrx_word' id='word_1_23' title='bbox 744 471 873 522; x_wconf 75' lang='lat' dir='ltr'>uidentur.</span> <span class='ocrx_word' id='word_1_24' title='bbox 907 477 1060 540; x_wconf 77' lang='lat' dir='ltr'><strong>Quanquam</strong></span> <span class='ocrx_word' id='word_1_25' title='bbox 1078 478 1147 531; x_wconf 77' lang='lat' dir='ltr'>forte</span> 
     </span>
     <span class='ocr_line' id='line_1_4' title="bbox 55 545 1147 612; baseline 0.01 -13"><span class='ocrx_word' id='word_1_26' title='bbox 55 549 201 599; x_wconf 85' lang='lat' dir='ltr'>extiterunt</span> <span class='ocrx_word' id='word_1_27' title='bbox 213 545 294 595; x_wconf 86' lang='lat' dir='ltr'>etlam·</span> <span class='ocrx_word' id='word_1_28' title='bbox 302 545 392 594; x_wconf 83' lang='lat' dir='ltr'>lonico</span> <span class='ocrx_word' id='word_1_29' title='bbox 402 560 417 593; x_wconf 86' lang='lat' dir='ltr'>a</span> <span class='ocrx_word' id='word_1_30' title='bbox 427 546 524 594; x_wconf 84' lang='lat' dir='ltr'>minore</span> <span class='ocrx_word' id='word_1_31' title='bbox 535 547 654 596; x_wconf 85' lang='lat' dir='ltr'>Carmina</span> <span class='ocrx_word' id='word_1_32' title='bbox 664 550 784 610; x_wconf 76' lang='lat' dir='ltr'>Sotadis3</span> <span class='ocrx_word' id='word_1_33' title='bbox 801 565 858 600; x_wconf 85' lang='lat' dir='ltr'>nam</span> <span class='ocrx_word' id='word_1_34' title='bbox 871 565 928 601; x_wconf 91' lang='lat' dir='ltr'>euru</span> <span class='ocrx_word' id='word_1_35' title='bbox 940 554 1034 607; x_wconf 77' lang='lat' dir='ltr'>Athen.</span> <span class='ocrx_word' id='word_1_36' title='bbox 1045 565 1147 612; x_wconf 60' lang='lat' dir='ltr'>utlaii.</span> 
     </span>
     <span class='ocr_line' id='line_1_5' title="bbox 56 623 1147 693; baseline 0.011 -17"><span class='ocrx_word' id='word_1_37' title='bbox 56 627 175 676; x_wconf 78' lang='lat' dir='ltr'>universe</span> <span class='ocrx_word' id='word_1_38' title='bbox 191 625 306 688; x_wconf 84' lang='lat' dir='ltr'>appellat</span> <span class='ocrx_word' id='word_1_39' title='bbox 322 623 422 681; x_wconf 70' lang='lat' dir='ltr'>carmin</span> <span class='ocrx_word' id='word_1_40' title='bbox 434 624 541 673; x_wconf 67' lang='grc' dir='ltr'>Ἰωνικῶν</span> <span class='ocrx_word' id='word_1_41' title='bbox 550 624 671 686; x_wconf 58' lang='lat' dir='ltr'>&amp;aaron</span> <span class='ocrx_word' id='word_1_42' title='bbox 683 642 741 691; x_wconf 81' lang='lat' dir='ltr'>quae</span> <span class='ocrx_word' id='word_1_43' title='bbox 761 635 812 676; x_wconf 91' lang='lat' dir='ltr'>tam</span> <span class='ocrx_word' id='word_1_44' title='bbox 831 629 863 678; x_wconf 88' lang='lat' dir='ltr'>ab</span> <span class='ocrx_word' id='word_1_45' title='bbox 878 635 1022 693; x_wconf 72' lang='lat' dir='ltr'>argumenti</span> <span class='ocrx_word' id='word_1_46' title='bbox 1040 636 1147 688; x_wconf 76' lang='lat' dir='ltr'>lasciuia</span> 
     </span>
     <span class='ocr_line' id='line_1_6' title="bbox 55 700 1145 776; baseline 0.013 -23"><span class='ocrx_word' id='word_1_47' title='bbox 55 706 93 770; x_wconf 86' lang='lat' dir='ltr'>(r.</span> <span class='ocrx_word' id='word_1_48' title='bbox 104 704 136 753; x_wconf 87' lang='lat' dir='ltr'>ad</span> <span class='ocrx_word' id='word_1_49' title='bbox 149 717 191 753; x_wconf 82' lang='grc' dir='ltr'>ιιι.</span> <span class='ocrx_word' id='word_1_50' title='bbox 201 702 253 753; x_wconf 85' lang='lat' dir='ltr'>od.</span> <span class='ocrx_word' id='word_1_51' title='bbox 261 707 286 752; x_wconf 82' lang='lat' dir='ltr'>d.</span> <span class='ocrx_word' id='word_1_52' title='bbox 296 700 351 767; x_wconf 75' lang='lat' dir='ltr'>al.)</span> <span class='ocrx_word' id='word_1_53' title='bbox 365 716 441 767; x_wconf 85' lang='lat' dir='ltr'>qnam</span> <span class='ocrx_word' id='word_1_54' title='bbox 452 719 467 752; x_wconf 86' lang='lat' dir='ltr'>a</span> <span class='ocrx_word' id='word_1_55' title='bbox 480 710 562 753; x_wconf 86' lang='lat' dir='ltr'>malru</span> <span class='ocrx_word' id='word_1_56' title='bbox 574 706 645 755; x_wconf 84' lang='lat' dir='ltr'>dicta</span> <span class='ocrx_word' id='word_1_57' title='bbox 655 704 733 756; x_wconf 81' lang='lat' dir='ltr'>fnisse</span> <span class='ocrx_word' id='word_1_58' title='bbox 743 716 861 758; x_wconf 82' lang='lat' dir='ltr'>cunstat:</span> <span class='ocrx_word' id='word_1_59' title='bbox 879 721 924 761; x_wconf 88' lang='lat' dir='ltr'>ant</span> <span class='ocrx_word' id='word_1_60' title='bbox 933 713 1009 776; x_wconf 79' lang='lat' dir='ltr'>qnid?</span> <span class='ocrx_word' id='word_1_61' title='bbox 1025 715 1048 763; x_wconf 88' lang='lat' dir='ltr'>ri</span> <span class='ocrx_word' id='word_1_62' title='bbox 1060 717 1145 767; x_wconf 78' lang='lat' dir='ltr'>Acron</span> 
     </span>
     <span class='ocr_line' id='line_1_7' title="bbox 57 782 678 846; baseline -0.002 -12"><span class='ocrx_word' id='word_1_63' title='bbox 57 786 159 834; x_wconf 91' lang='lat' dir='ltr'>ornnino</span> <span class='ocrx_word' id='word_1_64' title='bbox 169 783 291 833; x_wconf 78' lang='lat' dir='ltr'>Sotadics</span> <span class='ocrx_word' id='word_1_65' title='bbox 299 796 345 846; x_wconf 86' lang='lat' dir='ltr'>pru</span> <span class='ocrx_word' id='word_1_66' title='bbox 355 782 450 833; x_wconf 83' lang='lat' dir='ltr'>Ionicis</span> <span class='ocrx_word' id='word_1_67' title='bbox 460 784 585 832; x_wconf 81' lang='lat' dir='ltr'>universis</span> <span class='ocrx_word' id='word_1_68' title='bbox 594 785 660 833; x_wconf 85' lang='lat' dir='ltr'>dixit</span> <span class='ocrx_word' id='word_1_69' title='bbox 669 786 678 834; x_wconf 84' lang='lat' dir='ltr'>i</span> 
     </span>
    </p>

    <p class='ocr_par' dir='ltr' id='par_1_3' title="bbox 55 863 1149 1640">
     <span class='ocr_line' id='line_1_8' title="bbox 88 863 1147 934; baseline 0.013 -21"><span class='ocrx_word' id='word_1_70' title='bbox 88 863 210 927; x_wconf 85' lang='lat' dir='ltr'>Denique</span> <span class='ocrx_word' id='word_1_71' title='bbox 220 869 331 912; x_wconf 82' lang='lat' dir='ltr'>metrum</span> <span class='ocrx_word' id='word_1_72' title='bbox 342 863 425 926; x_wconf 88' lang='lat' dir='ltr'>ipsum</span> <span class='ocrx_word' id='word_1_73' title='bbox 443 865 523 913; x_wconf 85' lang='lat' dir='ltr'>nostri</span> <span class='ocrx_word' id='word_1_74' title='bbox 536 865 662 914; x_wconf 85' lang='lat' dir='ltr'>Carminis</span> <span class='ocrx_word' id='word_1_75' title='bbox 672 867 793 916; x_wconf 90' lang='lat' dir='ltr'>Bentleiu</span> <span class='ocrx_word' id='word_1_76' title='bbox 805 877 832 917; x_wconf 89' lang='lat' dir='ltr'>et</span> <span class='ocrx_word' id='word_1_77' title='bbox 844 869 957 934; x_wconf 85' lang='lat' dir='ltr'>inprimis</span> <span class='ocrx_word' id='word_1_78' title='bbox 969 872 1044 924; x_wconf 81' lang='lat' dir='ltr'>dulce</span> <span class='ocrx_word' id='word_1_79' title='bbox 1055 885 1084 926; x_wconf 87' lang='lat' dir='ltr'>et</span> <span class='ocrx_word' id='word_1_80' title='bbox 1095 890 1147 926; x_wconf 85' lang='lat' dir='ltr'>our-</span> 
     </span>
     <span class='ocr_line' id='line_1_9' title="bbox 56 941 1147 1015; baseline 0.01 -22"><span class='ocrx_word' id='word_1_81' title='bbox 56 945 126 994; x_wconf 89' lang='lat' dir='ltr'>ninm</span> <span class='ocrx_word' id='word_1_82' title='bbox 139 941 343 1007; x_wconf 85' lang='lat' dir='ltr'>operosissimum</span> <span class='ocrx_word' id='word_1_83' title='bbox 354 942 466 993; x_wconf 86' lang='lat' dir='ltr'>ridetur.</span> <span class='ocrx_word' id='word_1_84' title='bbox 489 943 547 993; x_wconf 89' lang='lat' dir='ltr'>lloe</span> <span class='ocrx_word' id='word_1_85' title='bbox 556 944 683 1006; x_wconf 85' lang='lat' dir='ltr'>posterius</span> <span class='ocrx_word' id='word_1_86' title='bbox 691 942 769 993; x_wconf 82' lang='lat' dir='ltr'>facile</span> <span class='ocrx_word' id='word_1_87' title='bbox 779 946 841 996; x_wconf 87' lang='lat' dir='ltr'>dant</span> <span class='ocrx_word' id='word_1_88' title='bbox 852 963 948 1012; x_wconf 88' lang='lat' dir='ltr'>omnes,</span> <span class='ocrx_word' id='word_1_89' title='bbox 957 951 1018 1000; x_wconf 87' lang='lat' dir='ltr'>illud</span> <span class='ocrx_word' id='word_1_90' title='bbox 1031 955 1147 1015; x_wconf 80' lang='lat' dir='ltr'>plurimis</span> 
     </span>
     <span class='ocr_line' id='line_1_10' title="bbox 56 1021 1149 1096; baseline 0.008 -23"><span class='ocrx_word' id='word_1_91' title='bbox 56 1033 131 1073; x_wconf 79' lang='lat' dir='ltr'>secut</span> <span class='ocrx_word' id='word_1_92' title='bbox 142 1021 253 1082; x_wconf 88' lang='lat' dir='ltr'>ridetur,</span> <span class='ocrx_word' id='word_1_93' title='bbox 268 1029 299 1070; x_wconf 92' lang='lat' dir='ltr'>ut</span> <span class='ocrx_word' id='word_1_94' title='bbox 310 1021 487 1084; x_wconf 74' lang='lat' dir='ltr'>Crrningamio,</span> <span class='ocrx_word' id='word_1_95' title='bbox 499 1029 526 1071; x_wconf 89' lang='lat' dir='ltr'>et</span> <span class='ocrx_word' id='word_1_96' title='bbox 537 1024 602 1072; x_wconf 85' lang='lat' dir='ltr'>aliis.</span> <span class='ocrx_word' id='word_1_97' title='bbox 627 1025 655 1073; x_wconf 91' lang='lat' dir='ltr'>Si</span> <span class='ocrx_word' id='word_1_98' title='bbox 667 1025 773 1074; x_wconf 85' lang='lat' dir='ltr'>Carmen</span> <span class='ocrx_word' id='word_1_99' title='bbox 793 1028 826 1075; x_wconf 88' lang='lat' dir='ltr'>ud</span> <span class='ocrx_word' id='word_1_100' title='bbox 837 1028 917 1091; x_wconf 72' lang='lat' dir='ltr'>lyram</span> <span class='ocrx_word' id='word_1_101' title='bbox 927 1031 1067 1081; x_wconf 85' lang='lat' dir='ltr'>cauendum</span> <span class='ocrx_word' id='word_1_102' title='bbox 1078 1035 1149 1096; x_wconf 75' lang='lat' dir='ltr'>cogi·</span> 
     </span>
     <span class='ocr_line' id='line_1_11' title="bbox 58 1100 1148 1165; baseline 0.009 -13"><span class='ocrx_word' id='word_1_103' title='bbox 58 1100 305 1165; x_wconf 72' lang='lat' dir='ltr'>tenflngarquetibi</span> <span class='ocrx_word' id='word_1_104' title='bbox 317 1106 345 1149; x_wconf 90' lang='lat' dir='ltr'>et</span> <span class='ocrx_word' id='word_1_105' title='bbox 356 1107 464 1150; x_wconf 85' lang='lat' dir='ltr'>metrum</span> <span class='ocrx_word' id='word_1_106' title='bbox 483 1108 511 1151; x_wconf 88' lang='lat' dir='ltr'>et</span> <span class='ocrx_word' id='word_1_107' title='bbox 529 1112 681 1153; x_wconf 80' lang='lat' dir='ltr'>concentum</span> <span class='ocrx_word' id='word_1_108' title='bbox 700 1106 822 1155; x_wconf 87' lang='lat' dir='ltr'>moricum</span> <span class='ocrx_word' id='word_1_109' title='bbox 839 1108 871 1155; x_wconf 86' lang='lat' dir='ltr'>ad</span> <span class='ocrx_word' id='word_1_110' title='bbox 888 1109 1038 1159; x_wconf 82' lang='lat' dir='ltr'>saltationis·</span> <span class='ocrx_word' id='word_1_111' title='bbox 1050 1110 1148 1162; x_wconf 65' lang='lat' dir='ltr'>lunices</span> 
     </span>
     <span class='ocr_line' id='line_1_12' title="bbox 56 1179 1147 1253; baseline 0.008 -23"><span class='ocrx_word' id='word_1_112' title='bbox 56 1181 203 1244; x_wconf 79' lang='lat' dir='ltr'><strong>rhythmum</strong></span> <span class='ocrx_word' id='word_1_113' title='bbox 211 1194 372 1243; x_wconf 83' lang='lat' dir='ltr'>expressum,</span> <span class='ocrx_word' id='word_1_114' title='bbox 381 1179 501 1243; x_wconf 82' lang='lat' dir='ltr'>prosectu</span> <span class='ocrx_word' id='word_1_115' title='bbox 512 1197 616 1231; x_wconf 83' lang='lat' dir='ltr'>suarem</span> <span class='ocrx_word' id='word_1_116' title='bbox 630 1183 754 1246; x_wconf 87' lang='lat' dir='ltr'>quandam</span> <span class='ocrx_word' id='word_1_117' title='bbox 766 1184 791 1233; x_wconf 90' lang='lat' dir='ltr'>in</span> <span class='ocrx_word' id='word_1_118' title='bbox 805 1200 835 1234; x_wconf 91' lang='lat' dir='ltr'>eu</span> <span class='ocrx_word' id='word_1_119' title='bbox 848 1187 893 1235; x_wconf 83' lang='lat' dir='ltr'>teli</span> <span class='ocrx_word' id='word_1_120' title='bbox 905 1195 986 1236; x_wconf 87' lang='lat' dir='ltr'>rnetru</span> <span class='ocrx_word' id='word_1_121' title='bbox 998 1190 1147 1253; x_wconf 82' lang='lat' dir='ltr'>simplicite·</span> 
     </span>
     <span class='ocr_line' id='line_1_13' title="bbox 55 1258 1147 1329; baseline 0.007 -19"><span class='ocrx_word' id='word_1_122' title='bbox 55 1269 119 1322; x_wconf 89' lang='lat' dir='ltr'>tem,</span> <span class='ocrx_word' id='word_1_123' title='bbox 130 1259 282 1323; x_wconf 90' lang='lat' dir='ltr'>mollemque</span> <span class='ocrx_word' id='word_1_124' title='bbox 293 1258 466 1321; x_wconf 89' lang='lat' dir='ltr'>dulcedinem,</span> <span class='ocrx_word' id='word_1_125' title='bbox 479 1268 629 1324; x_wconf 79' lang='lat' dir='ltr'>argumento</span> <span class='ocrx_word' id='word_1_126' title='bbox 642 1262 687 1309; x_wconf 89' lang='lat' dir='ltr'>tali</span> <span class='ocrx_word' id='word_1_127' title='bbox 700 1264 925 1326; x_wconf 82' lang='lat' dir='ltr'>accommodatam,</span> <span class='ocrx_word' id='word_1_128' title='bbox 941 1280 990 1314; x_wconf 92' lang='lat' dir='ltr'>nou</span> <span class='ocrx_word' id='word_1_129' title='bbox 1003 1268 1084 1329; x_wconf 81' lang='lat' dir='ltr'>possis</span> <span class='ocrx_word' id='word_1_130' title='bbox 1096 1283 1147 1319; x_wconf 91' lang='lat' dir='ltr'>non</span> 
     </span>
     <span class='ocr_line' id='line_1_14' title="bbox 58 1338 1148 1410; baseline 0.007 -22"><span class='ocrx_word' id='word_1_131' title='bbox 58 1353 203 1403; x_wconf 71' lang='lat' dir='ltr'>agnoscere,</span> <span class='ocrx_word' id='word_1_132' title='bbox 216 1340 279 1388; x_wconf 88' lang='lat' dir='ltr'>licet</span> <span class='ocrx_word' id='word_1_133' title='bbox 290 1338 360 1387; x_wconf 91' lang='lat' dir='ltr'>illam</span> <span class='ocrx_word' id='word_1_134' title='bbox 376 1338 464 1399; x_wconf 83' lang='lat' dir='ltr'>nodie,</span> <span class='ocrx_word' id='word_1_135' title='bbox 475 1339 517 1387; x_wconf 89' lang='lat' dir='ltr'>nbi</span> <span class='ocrx_word' id='word_1_136' title='bbox 532 1354 616 1410; x_wconf 86' lang='lat' dir='ltr'>neque</span> <span class='ocrx_word' id='word_1_137' title='bbox 628 1340 659 1388; x_wconf 88' lang='lat' dir='ltr'>ad</span> <span class='ocrx_word' id='word_1_138' title='bbox 671 1339 751 1403; x_wconf 82' lang='lat' dir='ltr'>lyram</span> <span class='ocrx_word' id='word_1_139' title='bbox 764 1343 876 1403; x_wconf 87' lang='lat' dir='ltr'>canitur,</span> <span class='ocrx_word' id='word_1_140' title='bbox 892 1357 974 1408; x_wconf 89' lang='lat' dir='ltr'>neque</span> <span class='ocrx_word' id='word_1_141' title='bbox 985 1346 1094 1394; x_wconf 83' lang='lat' dir='ltr'>saltatur</span> <span class='ocrx_word' id='word_1_142' title='bbox 1105 1347 1148 1396; x_wconf 90' lang='lat' dir='ltr'>lu·</span> 
     </span>
     <span class='ocr_line' id='line_1_15' title="bbox 55 1415 1147 1486; baseline 0.008 -19"><span class='ocrx_word' id='word_1_143' title='bbox 55 1420 123 1478; x_wconf 88' lang='lat' dir='ltr'>nice,</span> <span class='ocrx_word' id='word_1_144' title='bbox 142 1419 224 1467; x_wconf 88' lang='lat' dir='ltr'>minua</span> <span class='ocrx_word' id='word_1_145' title='bbox 243 1417 342 1479; x_wconf 87' lang='lat' dir='ltr'>sentiri,</span> <span class='ocrx_word' id='word_1_146' title='bbox 359 1415 437 1466; x_wconf 81' lang='lat' dir='ltr'>facile</span> <span class='ocrx_word' id='word_1_147' title='bbox 456 1419 566 1481; x_wconf 71' lang='lat' dir='ltr'>largiar3</span> <span class='ocrx_word' id='word_1_148' title='bbox 587 1420 711 1483; x_wconf 88' lang='lat' dir='ltr'>inprimis,</span> <span class='ocrx_word' id='word_1_149' title='bbox 728 1435 785 1470; x_wconf 89' lang='lat' dir='ltr'>euru</span> <span class='ocrx_word' id='word_1_150' title='bbox 805 1430 892 1471; x_wconf 90' lang='lat' dir='ltr'>unatro</span> <span class='ocrx_word' id='word_1_151' title='bbox 911 1423 1013 1486; x_wconf 84' lang='lat' dir='ltr'>qnidam</span> <span class='ocrx_word' id='word_1_152' title='bbox 1030 1439 1147 1477; x_wconf 88' lang='lat' dir='ltr'>sermone</span> 
     </span>
     <span class='ocr_line' id='line_1_16' title="bbox 55 1496 1148 1564; baseline 0.008 -18"><span class='ocrx_word' id='word_1_153' title='bbox 55 1498 173 1547; x_wconf 86' lang='lat' dir='ltr'>lonicum</span> <span class='ocrx_word' id='word_1_154' title='bbox 185 1497 237 1544; x_wconf 86' lang='lat' dir='ltr'>tale</span> <span class='ocrx_word' id='word_1_155' title='bbox 248 1497 358 1545; x_wconf 79' lang='lat' dir='ltr'><strong>Carmen</strong></span> <span class='ocrx_word' id='word_1_156' title='bbox 369 1496 425 1545; x_wconf 89' lang='lat' dir='ltr'>fieri</span> <span class='ocrx_word' id='word_1_157' title='bbox 440 1498 535 1546; x_wconf 87' lang='lat' dir='ltr'>nullum</span> <span class='ocrx_word' id='word_1_158' title='bbox 554 1512 638 1562; x_wconf 83' lang='lat' dir='ltr'>posse,</span> <span class='ocrx_word' id='word_1_159' title='bbox 657 1499 733 1562; x_wconf 89' lang='lat' dir='ltr'>plane</span> <span class='ocrx_word' id='word_1_160' title='bbox 749 1501 809 1550; x_wconf 86' lang='lat' dir='ltr'>mihi</span> <span class='ocrx_word' id='word_1_161' title='bbox 828 1502 1002 1564; x_wconf 86' lang='lat' dir='ltr'>persuadeam.</span> <span class='ocrx_word' id='word_1_162' title='bbox 1035 1503 1094 1552; x_wconf 87' lang='lat' dir='ltr'>Vid.</span> <span class='ocrx_word' id='word_1_163' title='bbox 1106 1505 1148 1556; x_wconf 85' lang='grc' dir='ltr'><strong>ΙΙΙ.</strong></span> 
     </span>
     <span class='ocr_line' id='line_1_17' title="bbox 58 1577 444 1640; baseline 0.005 -15"><span class='ocrx_word' id='word_1_164' title='bbox 58 1577 170 1626; x_wconf 84' lang='lat' dir='ltr'>liamler.</span> <span class='ocrx_word' id='word_1_165' title='bbox 181 1577 264 1626; x_wconf 81' lang='lat' dir='ltr'>carm.</span> <span class='ocrx_word' id='word_1_166' title='bbox 277 1577 336 1639; x_wconf 82' lang='lat' dir='ltr'>Lyr.</span> <span class='ocrx_word' id='word_1_167' title='bbox 349 1591 375 1640; x_wconf 87' lang='lat' dir='ltr'>p.</span> <span class='ocrx_word' id='word_1_168' title='bbox 386 1581 444 1627; x_wconf 78' lang='lat'><strong>2⁶8.</strong></span> 
     </span>
    </p>
   </div>
   <div class='ocr_carea' id='block_1_3' title="bbox 408 1741 798 1906">
    <p class='ocr_par' dir='ltr' id='par_1_4' title="bbox 408 1741 798 1906">
     <span class='ocr_line' id='line_1_18' title="bbox 408 1741 798 1808; baseline 0 -2"><span class='ocrx_word' id='word_1_169' title='bbox 408 1741 703 1808; x_wconf 86' lang='lat' dir='ltr'>EXCURSUS</span> <span class='ocrx_word' id='word_1_170' title='bbox 748 1743 798 1807; x_wconf 93' lang='lat' dir='ltr'>II.</span> 
     </span>
     <span class='ocr_line' id='line_1_19' title="bbox 438 1858 766 1906; baseline -0.009 0"><span class='ocrx_word' id='word_1_171' title='bbox 438 1858 486 1906; x_wconf 84' lang='lat' dir='ltr'>nn</span> <span class='ocrx_word' id='word_1_172' title='bbox 505 1859 567 1906; x_wconf 88' lang='lat' dir='ltr'>on.</span> <span class='ocrx_word' id='word_1_173' title='bbox 584 1858 676 1905; x_wconf 82' lang='lat' dir='ltr'>xvir.</span> <span class='ocrx_word' id='word_1_174' title='bbox 693 1863 766 1904; x_wconf 81' lang='lat' dir='ltr'>a-s.</span> 
     </span>
    </p>
   </div>
   <div class='ocr_carea' id='block_1_4' title="bbox 51 1963 1149 4085">
    <p class='ocr_par' dir='ltr' id='par_1_5' title="bbox 55 1963 1149 2188">
     <span class='ocr_line' id='line_1_20' title="bbox 89 1963 1148 2030; baseline -0.005 -11"><span class='ocrx_word' id='word_1_175' title='bbox 89 1969 146 2019; x_wconf 86' lang='lat' dir='ltr'>Hos</span> <span class='ocrx_word' id='word_1_176' title='bbox 157 1984 245 2019; x_wconf 79' lang='lat' dir='ltr'>verena</span> <span class='ocrx_word' id='word_1_177' title='bbox 261 1983 311 2017; x_wconf 92' lang='lat' dir='ltr'>uun</span> <span class='ocrx_word' id='word_1_178' title='bbox 323 1981 380 2015; x_wconf 86' lang='lat' dir='ltr'>erse</span> <span class='ocrx_word' id='word_1_179' title='bbox 399 1965 432 2012; x_wconf 89' lang='lat' dir='ltr'>ab</span> <span class='ocrx_word' id='word_1_180' title='bbox 450 1965 559 2011; x_wconf 83' lang='lat' dir='ltr'>Horatio</span> <span class='ocrx_word' id='word_1_181' title='bbox 577 1963 715 2025; x_wconf 80' lang='lat' dir='ltr'>profectos,</span> <span class='ocrx_word' id='word_1_182' title='bbox 731 1963 776 2011; x_wconf 85' lang='lat' dir='ltr'>sed</span> <span class='ocrx_word' id='word_1_183' title='bbox 794 1965 941 2028; x_wconf 86' lang='lat' dir='ltr'>suppositos</span> <span class='ocrx_word' id='word_1_184' title='bbox 955 1972 1103 2030; x_wconf 79' lang='lat' dir='ltr'>aestatesque</span> <span class='ocrx_word' id='word_1_185' title='bbox 1115 1967 1148 2014; x_wconf 83' lang='lat' dir='ltr'>ab</span> 
     </span>
     <span class='ocr_line' id='line_1_21' title="bbox 55 2041 1149 2112; baseline 0 -19"><span class='ocrx_word' id='word_1_186' title='bbox 55 2047 143 2112; x_wconf 92' lang='lat' dir='ltr'>inepto</span> <span class='ocrx_word' id='word_1_187' title='bbox 153 2048 340 2102; x_wconf 72' lang='lat' dir='ltr'>Grammatico,</span> <span class='ocrx_word' id='word_1_188' title='bbox 351 2045 375 2090; x_wconf 93' lang='lat' dir='ltr'>in</span> <span class='ocrx_word' id='word_1_189' title='bbox 389 2042 494 2102; x_wconf 75' lang='lat' dir='ltr'>Aegrum.</span> <span class='ocrx_word' id='word_1_190' title='bbox 506 2048 533 2088; x_wconf 87' lang='lat' dir='ltr'>et</span> <span class='ocrx_word' id='word_1_191' title='bbox 544 2041 663 2091; x_wconf 81' lang='lat' dir='ltr'>VV.LL.</span> <span class='ocrx_word' id='word_1_192' title='bbox 675 2056 715 2089; x_wconf 90' lang='lat' dir='ltr'>me</span> <span class='ocrx_word' id='word_1_193' title='bbox 728 2043 835 2092; x_wconf 89' lang='lat' dir='ltr'>credere</span> <span class='ocrx_word' id='word_1_194' title='bbox 851 2044 980 2107; x_wconf 76' lang='lat' dir='ltr'>professus</span> <span class='ocrx_word' id='word_1_195' title='bbox 998 2061 1063 2094; x_wconf 88' lang='lat' dir='ltr'>snm.</span> <span class='ocrx_word' id='word_1_196' title='bbox 1096 2046 1149 2109; x_wconf 78' lang='lat' dir='ltr'>lgi-</span> 
     </span>
     <span class='ocr_line' id='line_1_22' title="bbox 56 2118 1078 2188; baseline -0.004 -14"><span class='ocrx_word' id='word_1_197' title='bbox 56 2135 107 2181; x_wconf 89' lang='lat' dir='ltr'>tnr,</span> <span class='ocrx_word' id='word_1_198' title='bbox 119 2127 210 2188; x_wconf 85' lang='lat' dir='ltr'>quibos</span> <span class='ocrx_word' id='word_1_199' title='bbox 222 2121 361 2171; x_wconf 86' lang='lat' dir='ltr'>rationibus</span> <span class='ocrx_word' id='word_1_200' title='bbox 372 2118 501 2168; x_wconf 87' lang='lat' dir='ltr'>adductus</span> <span class='ocrx_word' id='word_1_201' title='bbox 513 2118 657 2177; x_wconf 86' lang='lat' dir='ltr'>crederem,</span> <span class='ocrx_word' id='word_1_202' title='bbox 666 2120 780 2181; x_wconf 86' lang='lat' dir='ltr'>pluribus</span> <span class='ocrx_word' id='word_1_203' title='bbox 791 2124 970 2184; x_wconf 85' lang='lat' dir='ltr'>exponendum</span> <span class='ocrx_word' id='word_1_204' title='bbox 981 2127 1078 2174; x_wconf 86' lang='lat' dir='ltr'>censui.</span> 
     </span>
    </p>

    <p class='ocr_par' dir='ltr' id='par_1_6' title="bbox 52 2199 1149 3522">
     <span class='ocr_line' id='line_1_23' title="bbox 87 2199 1148 2268; baseline 0.001 -15"><span class='ocrx_word' id='word_1_205' title='bbox 87 2204 151 2253; x_wconf 88' lang='lat' dir='ltr'>Cum</span> <span class='ocrx_word' id='word_1_206' title='bbox 160 2203 240 2251; x_wconf 86' lang='lat' dir='ltr'>multa</span> <span class='ocrx_word' id='word_1_207' title='bbox 251 2210 366 2250; x_wconf 85' lang='lat' dir='ltr'>veterum</span> <span class='ocrx_word' id='word_1_208' title='bbox 377 2200 531 2262; x_wconf 89' lang='lat' dir='ltr'>scriptorum</span> <span class='ocrx_word' id='word_1_209' title='bbox 540 2200 596 2249; x_wconf 84' lang='lat' dir='ltr'>loce</span> <span class='ocrx_word' id='word_1_210' title='bbox 609 2199 725 2248; x_wconf 88' lang='lat' dir='ltr'>addendo</span> <span class='ocrx_word' id='word_1_211' title='bbox 741 2209 864 2263; x_wconf 88' lang='lat' dir='ltr'>corrupta</span> <span class='ocrx_word' id='word_1_212' title='bbox 873 2211 947 2251; x_wconf 88' lang='lat' dir='ltr'>sunt:</span> <span class='ocrx_word' id='word_1_213' title='bbox 966 2211 1018 2251; x_wconf 86' lang='grc' dir='ltr'>ιιιιιι</span> <span class='ocrx_word' id='word_1_214' title='bbox 1031 2205 1148 2268; x_wconf 84' lang='lat' dir='ltr'>inprimis</span> 
     </span>
     <span class='ocr_line' id='line_1_24' title="bbox 55 2279 1149 2347; baseline -0.001 -14"><span class='ocrx_word' id='word_1_215' title='bbox 55 2285 132 2333; x_wconf 87' lang='lat' dir='ltr'>etiam</span> <span class='ocrx_word' id='word_1_216' title='bbox 148 2283 260 2347; x_wconf 85' lang='lat' dir='ltr'>antiquis</span> <span class='ocrx_word' id='word_1_217' title='bbox 277 2282 365 2330; x_wconf 76' lang='lat' dir='ltr'>Politia</span> <span class='ocrx_word' id='word_1_218' title='bbox 376 2281 450 2329; x_wconf 90' lang='lat' dir='ltr'>runlti</span> <span class='ocrx_word' id='word_1_219' title='bbox 464 2281 527 2330; x_wconf 85' lang='lat' dir='ltr'>tales</span> <span class='ocrx_word' id='word_1_220' title='bbox 540 2281 616 2328; x_wconf 89' lang='lat' dir='ltr'>alieni</span> <span class='ocrx_word' id='word_1_221' title='bbox 630 2280 704 2343; x_wconf 77' lang='lat' dir='ltr'>puniri</span> <span class='ocrx_word' id='word_1_222' title='bbox 722 2295 735 2327; x_wconf 98' lang='lat' dir='ltr'>a</span> <span class='ocrx_word' id='word_1_223' title='bbox 749 2279 930 2330; x_wconf 71' lang='lat' dir='ltr'>Grammaticis</span> <span class='ocrx_word' id='word_1_224' title='bbox 941 2283 1047 2331; x_wconf 82' lang='lat' dir='ltr'>malisve</span> <span class='ocrx_word' id='word_1_225' title='bbox 1061 2291 1149 2345; x_wconf 84' lang='lat' dir='ltr'>poste·</span> 
     </span>
     <span class='ocr_line' id='line_1_25' title="bbox 54 2359 1147 2422; baseline -0.003 -11"><span class='ocrx_word' id='word_1_226' title='bbox 54 2363 127 2412; x_wconf 86' lang='lat' dir='ltr'>rioria</span> <span class='ocrx_word' id='word_1_227' title='bbox 139 2364 223 2412; x_wconf 79' lang='lat' dir='ltr'>aetatis</span> <span class='ocrx_word' id='word_1_228' title='bbox 236 2363 324 2411; x_wconf 69' lang='lat' dir='ltr'>Poetis</span> <span class='ocrx_word' id='word_1_229' title='bbox 336 2362 415 2410; x_wconf 84' lang='lat' dir='ltr'>asatrti</span> <span class='ocrx_word' id='word_1_230' title='bbox 428 2367 495 2409; x_wconf 87' lang='lat' dir='ltr'>snut.</span> <span class='ocrx_word' id='word_1_231' title='bbox 530 2362 587 2410; x_wconf 86' lang='lat' dir='ltr'>Hoc</span> <span class='ocrx_word' id='word_1_232' title='bbox 608 2361 644 2409; x_wconf 87' lang='lat' dir='ltr'>ita</span> <span class='ocrx_word' id='word_1_233' title='bbox 664 2359 767 2409; x_wconf 86' lang='lat' dir='ltr'>accidit.</span> <span class='ocrx_word' id='word_1_234' title='bbox 801 2360 904 2409; x_wconf 82' lang='lat' dir='ltr'>illatore</span> <span class='ocrx_word' id='word_1_235' title='bbox 922 2359 1020 2422; x_wconf 64' lang='lat' dir='ltr'>Poetis,</span> <span class='ocrx_word' id='word_1_236' title='bbox 1037 2362 1070 2410; x_wconf 89' lang='lat' dir='ltr'>ub</span> <span class='ocrx_word' id='word_1_237' title='bbox 1087 2362 1147 2409; x_wconf 91' lang='lat' dir='ltr'>doc·</span> 
     </span>
     <span class='ocr_line' id='line_1_26' title="bbox 54 2439 1147 2497; baseline -0.004 -6"><span class='ocrx_word' id='word_1_238' title='bbox 54 2443 145 2491; x_wconf 89' lang='lat' dir='ltr'>tiorem</span> <span class='ocrx_word' id='word_1_239' title='bbox 159 2443 258 2492; x_wconf 88' lang='lat' dir='ltr'>scilicet</span> <span class='ocrx_word' id='word_1_240' title='bbox 268 2450 295 2491; x_wconf 95' lang='lat' dir='ltr'>et</span> <span class='ocrx_word' id='word_1_241' title='bbox 306 2441 490 2490; x_wconf 84' lang='lat' dir='ltr'>sententiarum</span> <span class='ocrx_word' id='word_1_242' title='bbox 508 2448 535 2488; x_wconf 91' lang='lat' dir='ltr'>et</span> <span class='ocrx_word' id='word_1_243' title='bbox 552 2440 702 2488; x_wconf 79' lang='lat' dir='ltr'>elocutionis</span> <span class='ocrx_word' id='word_1_244' title='bbox 719 2439 853 2497; x_wconf 87' lang='lat' dir='ltr'>rationem,</span> <span class='ocrx_word' id='word_1_245' title='bbox 870 2439 1020 2486; x_wconf 82' lang='lat' dir='ltr'>scholiastae</span> <span class='ocrx_word' id='word_1_246' title='bbox 1033 2447 1060 2487; x_wconf 88' lang='lat' dir='ltr'>et</span> <span class='ocrx_word' id='word_1_247' title='bbox 1072 2440 1147 2487; x_wconf 89' lang='lat' dir='ltr'>Com·</span> 
     </span>
     <span class='ocr_line' id='line_1_27' title="bbox 54 2518 1147 2586; baseline -0.008 -12"><span class='ocrx_word' id='word_1_248' title='bbox 54 2531 213 2574; x_wconf 84' lang='lat' dir='ltr'>meutatores</span> <span class='ocrx_word' id='word_1_249' title='bbox 223 2524 383 2586; x_wconf 81' lang='lat' dir='ltr'>obtigerunt,</span> <span class='ocrx_word' id='word_1_250' title='bbox 396 2522 439 2585; x_wconf 93' lang='lat' dir='ltr'>qni</span> <span class='ocrx_word' id='word_1_251' title='bbox 451 2521 547 2569; x_wconf 85' lang='lat' dir='ltr'>sebolia</span> <span class='ocrx_word' id='word_1_252' title='bbox 558 2522 611 2568; x_wconf 82' lang='lat' dir='ltr'>sive</span> <span class='ocrx_word' id='word_1_253' title='bbox 624 2523 721 2583; x_wconf 82' lang='lat' dir='ltr'>glossas</span> <span class='ocrx_word' id='word_1_254' title='bbox 738 2521 780 2577; x_wconf 85' lang='lat' dir='ltr'>iia,</span> <span class='ocrx_word' id='word_1_255' title='bbox 800 2519 839 2566; x_wconf 84' lang='lat' dir='ltr'>vei</span> <span class='ocrx_word' id='word_1_256' title='bbox 858 2518 1003 2582; x_wconf 86' lang='lat' dir='ltr'>explicandi</span> <span class='ocrx_word' id='word_1_257' title='bbox 1021 2519 1060 2566; x_wconf 80' lang='lat' dir='ltr'>vel</span> <span class='ocrx_word' id='word_1_258' title='bbox 1077 2518 1147 2566; x_wconf 88' lang='lat' dir='ltr'>illus-</span> 
     </span>
     <span class='ocr_line' id='line_1_28' title="bbox 54 2597 1147 2664; baseline -0.006 -13"><span class='ocrx_word' id='word_1_259' title='bbox 54 2604 141 2651; x_wconf 85' lang='lat' dir='ltr'>trandi</span> <span class='ocrx_word' id='word_1_260' title='bbox 152 2604 244 2664; x_wconf 70' lang='lat' dir='ltr'>gratia,</span> <span class='ocrx_word' id='word_1_261' title='bbox 255 2605 400 2652; x_wconf 86' lang='lat' dir='ltr'>alliuerent.</span> <span class='ocrx_word' id='word_1_262' title='bbox 433 2603 495 2649; x_wconf 78' lang='lat' dir='ltr'>Tarm</span> <span class='ocrx_word' id='word_1_263' title='bbox 509 2609 567 2664; x_wconf 80' lang='lat' dir='ltr'>post</span> <span class='ocrx_word' id='word_1_264' title='bbox 579 2603 733 2660; x_wconf 86' lang='lat' dir='ltr'>extiterunt,</span> <span class='ocrx_word' id='word_1_265' title='bbox 744 2600 786 2663; x_wconf 92' lang='lat' dir='ltr'>qni</span> <span class='ocrx_word' id='word_1_266' title='bbox 803 2601 864 2648; x_wconf 92' lang='lat' dir='ltr'>talia</span> <span class='ocrx_word' id='word_1_267' title='bbox 882 2599 936 2661; x_wconf 84' lang='lat' dir='ltr'>ipsa</span> <span class='ocrx_word' id='word_1_268' title='bbox 952 2597 1058 2659; x_wconf 84' lang='lat' dir='ltr'>scholia,</span> <span class='ocrx_word' id='word_1_269' title='bbox 1070 2597 1147 2644; x_wconf 89' lang='lat' dir='ltr'>animi</span> 
     </span>
     <span class='ocr_line' id='line_1_29' title="bbox 54 2676 1148 2743; baseline -0.005 -14"><span class='ocrx_word' id='word_1_270' title='bbox 54 2682 244 2743; x_wconf 77' lang='lat' dir='ltr'>exercendique</span> <span class='ocrx_word' id='word_1_271' title='bbox 256 2683 351 2742; x_wconf 75' lang='lat' dir='ltr'>ingenii</span> <span class='ocrx_word' id='word_1_272' title='bbox 363 2696 449 2741; x_wconf 81' lang='lat' dir='ltr'>carisa,</span> <span class='ocrx_word' id='word_1_273' title='bbox 460 2695 532 2728; x_wconf 77' lang='lat' dir='ltr'>versu</span> <span class='ocrx_word' id='word_1_274' title='bbox 543 2682 711 2730; x_wconf 78' lang='lat' dir='ltr'>includerent.</span> <span class='ocrx_word' id='word_1_275' title='bbox 732 2680 820 2730; x_wconf 80' lang='lat' dir='ltr'>Quid?</span> <span class='ocrx_word' id='word_1_276' title='bbox 837 2679 904 2743; x_wconf 86' lang='lat' dir='ltr'>qnod</span> <span class='ocrx_word' id='word_1_277' title='bbox 917 2677 1021 2726; x_wconf 83' lang='lat' dir='ltr'>fnerrrnt</span> <span class='ocrx_word' id='word_1_278' title='bbox 1029 2676 1148 2736; x_wconf 75' lang='lat' dir='ltr'>subinde,</span> 
     </span>
     <span class='ocr_line' id='line_1_30' title="bbox 55 2755 1147 2824; baseline -0.005 -16"><span class='ocrx_word' id='word_1_279' title='bbox 55 2761 97 2824; x_wconf 91' lang='lat' dir='ltr'>qni</span> <span class='ocrx_word' id='word_1_280' title='bbox 108 2758 300 2808; x_wconf 81' lang='lat' dir='ltr'>exercitationis</span> <span class='ocrx_word' id='word_1_281' title='bbox 310 2759 391 2820; x_wconf 83' lang='lat' dir='ltr'>gratia</span> <span class='ocrx_word' id='word_1_282' title='bbox 401 2760 482 2820; x_wconf 85' lang='lat' dir='ltr'>ipsam</span> <span class='ocrx_word' id='word_1_283' title='bbox 500 2758 591 2806; x_wconf 72' lang='lat' dir='ltr'>Podtn</span> <span class='ocrx_word' id='word_1_284' title='bbox 603 2760 709 2821; x_wconf 87' lang='lat' dir='ltr'>alicujus</span> <span class='ocrx_word' id='word_1_285' title='bbox 720 2760 872 2806; x_wconf 83' lang='lat' dir='ltr'>seutentiam</span> <span class='ocrx_word' id='word_1_286' title='bbox 885 2758 996 2820; x_wconf 88' lang='lat' dir='ltr'>aliquam</span> <span class='ocrx_word' id='word_1_287' title='bbox 1009 2755 1147 2821; x_wconf 87' lang='lat' dir='ltr'>amplifica·</span> 
     </span>
     <span class='ocr_line' id='line_1_31' title="bbox 54 2834 1146 2899; baseline -0.003 -13"><span class='ocrx_word' id='word_1_288' title='bbox 54 2846 123 2899; x_wconf 88' lang='lat' dir='ltr'>rent,</span> <span class='ocrx_word' id='word_1_289' title='bbox 135 2851 165 2887; x_wconf 86' lang='lat' dir='ltr'>ac</span> <span class='ocrx_word' id='word_1_290' title='bbox 176 2838 251 2884; x_wconf 84' lang='lat' dir='ltr'>talem</span> <span class='ocrx_word' id='word_1_291' title='bbox 261 2837 354 2898; x_wconf 77' lang='lat' dir='ltr'>ingenii</span> <span class='ocrx_word' id='word_1_292' title='bbox 366 2836 404 2882; x_wconf 88' lang='lat' dir='ltr'>sni</span> <span class='ocrx_word' id='word_1_293' title='bbox 417 2834 506 2883; x_wconf 83' lang='lat' dir='ltr'>foeturu</span> <span class='ocrx_word' id='word_1_294' title='bbox 515 2835 546 2881; x_wconf 93' lang='lat' dir='ltr'>ad</span> <span class='ocrx_word' id='word_1_295' title='bbox 559 2838 699 2897; x_wconf 82' lang='lat' dir='ltr'>marginem</span> <span class='ocrx_word' id='word_1_296' title='bbox 708 2837 817 2897; x_wconf 86' lang='lat' dir='ltr'>exempli</span> <span class='ocrx_word' id='word_1_297' title='bbox 829 2839 867 2883; x_wconf 87' lang='lat' dir='ltr'>aui</span> <span class='ocrx_word' id='word_1_298' title='bbox 881 2844 1050 2897; x_wconf 86' lang='lat' dir='ltr'>apponerent.</span> <span class='ocrx_word' id='word_1_299' title='bbox 1077 2835 1146 2883; x_wconf 87' lang='lat' dir='ltr'>Hinc</span> 
     </span>
     <span class='ocr_line' id='line_1_32' title="bbox 54 2914 1145 2982; baseline -0.006 -16"><span class='ocrx_word' id='word_1_300' title='bbox 54 2932 124 2982; x_wconf 80' lang='lat' dir='ltr'>saepe</span> <span class='ocrx_word' id='word_1_301' title='bbox 142 2916 248 2977; x_wconf 84' lang='lat' dir='ltr'>accidit,</span> <span class='ocrx_word' id='word_1_302' title='bbox 266 2922 294 2964; x_wconf 91' lang='grc' dir='ltr'>ιιι</span> <span class='ocrx_word' id='word_1_303' title='bbox 311 2915 436 2971; x_wconf 86' lang='lat' dir='ltr'>librarius,</span> <span class='ocrx_word' id='word_1_304' title='bbox 448 2914 574 2976; x_wconf 79' lang='lat' dir='ltr'>ejusmodi</span> <span class='ocrx_word' id='word_1_305' title='bbox 592 2915 737 2975; x_wconf 82' lang='lat' dir='ltr'>exemplum</span> <span class='ocrx_word' id='word_1_306' title='bbox 755 2916 888 2973; x_wconf 88' lang='lat' dir='ltr'>nactus,in</span> <span class='ocrx_word' id='word_1_307' title='bbox 902 2915 984 2975; x_wconf 79' lang='lat' dir='ltr'>ipsum</span> <span class='ocrx_word' id='word_1_308' title='bbox 995 2920 1145 2962; x_wconf 82' lang='lat' dir='ltr'>contextum</span> 
     </span>
     <span class='ocr_line' id='line_1_33' title="bbox 53 2992 1146 3056; baseline -0.01 -10"><span class='ocrx_word' id='word_1_309' title='bbox 53 2996 208 3046; x_wconf 75' lang='lat' dir='ltr'>transferret</span> <span class='ocrx_word' id='word_1_310' title='bbox 223 2997 267 3044; x_wconf 88' lang='lat' dir='ltr'>illa</span> <span class='ocrx_word' id='word_1_311' title='bbox 284 2995 399 3043; x_wconf 85' lang='lat' dir='ltr'>versibus</span> <span class='ocrx_word' id='word_1_312' title='bbox 417 3009 541 3056; x_wconf 86' lang='lat' dir='ltr'>expressa</span> <span class='ocrx_word' id='word_1_313' title='bbox 558 2995 661 3054; x_wconf 83' lang='lat' dir='ltr'>scholia,</span> <span class='ocrx_word' id='word_1_314' title='bbox 672 2994 760 3041; x_wconf 82' lang='lat' dir='ltr'>illasve</span> <span class='ocrx_word' id='word_1_315' title='bbox 776 2993 1008 3041; x_wconf 85' lang='lat' dir='ltr'>Grammaticorum</span> <span class='ocrx_word' id='word_1_316' title='bbox 1021 2992 1146 3040; x_wconf 83' lang='lat' dir='ltr'>exercita-</span> 
     </span>
     <span class='ocr_line' id='line_1_34' title="bbox 52 3070 1146 3136; baseline -0.009 -11"><span class='ocrx_word' id='word_1_317' title='bbox 52 3077 146 3126; x_wconf 82' lang='lat' dir='ltr'>tiones.</span> <span class='ocrx_word' id='word_1_318' title='bbox 179 3075 244 3123; x_wconf 85' lang='lat' dir='ltr'>Nam</span> <span class='ocrx_word' id='word_1_319' title='bbox 264 3073 410 3136; x_wconf 77' lang='lat' dir='ltr'>gestiebant</span> <span class='ocrx_word' id='word_1_320' title='bbox 431 3072 484 3121; x_wconf 84' lang='lat' dir='ltr'>lere</span> <span class='ocrx_word' id='word_1_321' title='bbox 503 3072 598 3120; x_wconf 81' lang='lat' dir='ltr'>inferre</span> <span class='ocrx_word' id='word_1_322' title='bbox 619 3073 643 3120; x_wconf 90' lang='lat' dir='ltr'>iu</span> <span class='ocrx_word' id='word_1_323' title='bbox 664 3071 822 3133; x_wconf 79' lang='lat' dir='ltr'>exemplaria</span> <span class='ocrx_word' id='word_1_324' title='bbox 841 3084 886 3118; x_wconf 92' lang='lat' dir='ltr'>sna</span> <span class='ocrx_word' id='word_1_325' title='bbox 905 3070 1010 3129; x_wconf 86' lang='lat' dir='ltr'>librarii,</span> <span class='ocrx_word' id='word_1_326' title='bbox 1026 3083 1083 3132; x_wconf 80' lang='lat' dir='ltr'>quse</span> <span class='ocrx_word' id='word_1_327' title='bbox 1095 3083 1146 3115; x_wconf 91' lang='lat' dir='ltr'>uun</span> 
     </span>
     <span class='ocr_line' id='line_1_35' title="bbox 55 3148 1145 3215; baseline -0.006 -12"><span class='ocrx_word' id='word_1_328' title='bbox 55 3163 141 3203; x_wconf 85' lang='lat' dir='ltr'>esseut</span> <span class='ocrx_word' id='word_1_329' title='bbox 152 3156 177 3202; x_wconf 91' lang='lat' dir='ltr'>in</span> <span class='ocrx_word' id='word_1_330' title='bbox 190 3155 253 3209; x_wconf 83' lang='lat' dir='ltr'>aliis,</span> <span class='ocrx_word' id='word_1_331' title='bbox 264 3161 375 3203; x_wconf 86' lang='lat' dir='ltr'>emtores</span> <span class='ocrx_word' id='word_1_332' title='bbox 394 3160 422 3200; x_wconf 92' lang='lat' dir='ltr'>nt</span> <span class='ocrx_word' id='word_1_333' title='bbox 440 3153 582 3212; x_wconf 79' lang='lat' dir='ltr'>allicerent,</span> <span class='ocrx_word' id='word_1_334' title='bbox 599 3152 642 3215; x_wconf 89' lang='lat' dir='ltr'>qni</span> <span class='ocrx_word' id='word_1_335' title='bbox 660 3151 761 3215; x_wconf 88' lang='lat' dir='ltr'>quidem</span> <span class='ocrx_word' id='word_1_336' title='bbox 781 3155 852 3198; x_wconf 92' lang='lat' dir='ltr'>tanto</span> <span class='ocrx_word' id='word_1_337' title='bbox 870 3150 926 3211; x_wconf 87' lang='lat' dir='ltr'>plna</span> <span class='ocrx_word' id='word_1_338' title='bbox 944 3148 1007 3196; x_wconf 85' lang='lat' dir='ltr'>dure</span> <span class='ocrx_word' id='word_1_339' title='bbox 1024 3149 1145 3204; x_wconf 85' lang='lat' dir='ltr'>solerent,</span> 
     </span>
     <span class='ocr_line' id='line_1_36' title="bbox 54 3226 1147 3298; baseline -0.005 -17"><span class='ocrx_word' id='word_1_340' title='bbox 54 3248 104 3298; x_wconf 92' lang='lat' dir='ltr'>quo</span> <span class='ocrx_word' id='word_1_341' title='bbox 119 3233 243 3281; x_wconf 90' lang='lat' dir='ltr'>habereut</span> <span class='ocrx_word' id='word_1_342' title='bbox 264 3233 395 3296; x_wconf 83' lang='lat' dir='ltr'>exemplar</span> <span class='ocrx_word' id='word_1_343' title='bbox 414 3240 515 3280; x_wconf 88' lang='lat' dir='ltr'>anctum</span> <span class='ocrx_word' id='word_1_344' title='bbox 532 3233 631 3280; x_wconf 89' lang='lat' dir='ltr'>scilicet</span> <span class='ocrx_word' id='word_1_345' title='bbox 646 3242 724 3295; x_wconf 87' lang='lat' dir='ltr'>atque</span> <span class='ocrx_word' id='word_1_346' title='bbox 743 3231 853 3279; x_wconf 88' lang='lat' dir='ltr'>unicum.</span> <span class='ocrx_word' id='word_1_347' title='bbox 885 3228 929 3277; x_wconf 88' lang='lat' dir='ltr'>Sic</span> <span class='ocrx_word' id='word_1_348' title='bbox 945 3226 1104 3288; x_wconf 79' lang='lat' dir='ltr'>factumest,</span> <span class='ocrx_word' id='word_1_349' title='bbox 1118 3236 1147 3276; x_wconf 92' lang='lat' dir='ltr'>nt</span> 
     </span>
     <span class='ocr_line' id='line_1_37' title="bbox 54 3307 1145 3373; baseline -0.005 -11"><span class='ocrx_word' id='word_1_350' title='bbox 54 3313 185 3373; x_wconf 71' lang='lat' dir='ltr'>Laterano,</span> <span class='ocrx_word' id='word_1_351' title='bbox 202 3318 230 3358; x_wconf 95' lang='lat' dir='ltr'>nt</span> <span class='ocrx_word' id='word_1_352' title='bbox 248 3312 364 3373; x_wconf 82' lang='lat' dir='ltr'>Virgilio,</span> <span class='ocrx_word' id='word_1_353' title='bbox 386 3311 496 3370; x_wconf 84' lang='lat' dir='ltr'>Tibullo,</span> <span class='ocrx_word' id='word_1_354' title='bbox 517 3310 622 3370; x_wconf 80' lang='lat' dir='ltr'>ovidio,</span> <span class='ocrx_word' id='word_1_355' title='bbox 640 3311 760 3372; x_wconf 84' lang='lat' dir='ltr'>Horatio,</span> <span class='ocrx_word' id='word_1_356' title='bbox 779 3310 885 3372; x_wconf 82' lang='lat' dir='ltr'>aliisque</span> <span class='ocrx_word' id='word_1_357' title='bbox 905 3307 1017 3356; x_wconf 84' lang='lat' dir='ltr'>classicis</span> <span class='ocrx_word' id='word_1_358' title='bbox 1036 3308 1145 3367; x_wconf 84' lang='lat' dir='ltr'>vatibus,</span> 
     </span>
     <span class='ocr_line' id='line_1_38' title="bbox 54 3387 1146 3455; baseline -0.005 -15"><span class='ocrx_word' id='word_1_359' title='bbox 54 3407 143 3441; x_wconf 83' lang='lat' dir='ltr'>versus</span> <span class='ocrx_word' id='word_1_360' title='bbox 154 3398 360 3453; x_wconf 78' lang='lat' dir='ltr'>supponerentur</span> <span class='ocrx_word' id='word_1_361' title='bbox 371 3399 448 3455; x_wconf 85' lang='lat' dir='ltr'>atque</span> <span class='ocrx_word' id='word_1_362' title='bbox 459 3388 652 3452; x_wconf 87' lang='lat' dir='ltr'>affingerentur,</span> <span class='ocrx_word' id='word_1_363' title='bbox 663 3391 706 3454; x_wconf 92' lang='lat' dir='ltr'>qui</span> <span class='ocrx_word' id='word_1_364' title='bbox 720 3388 824 3453; x_wconf 90' lang='lat' dir='ltr'>proprie</span> <span class='ocrx_word' id='word_1_365' title='bbox 842 3388 1000 3437; x_wconf 86' lang='lat' dir='ltr'>deberentur</span> <span class='ocrx_word' id='word_1_366' title='bbox 1011 3387 1146 3437; x_wconf 84' lang='lat' dir='ltr'>Gramma·</span> 
     </span>
     <span class='ocr_line' id='line_1_39' title="bbox 54 3474 121 3522; baseline 0 -2"><span class='ocrx_word' id='word_1_367' title='bbox 54 3474 121 3522; x_wconf 86' lang='lat' dir='ltr'>ticis.</span> 
     </span>
    </p>

    <p class='ocr_par' dir='ltr' id='par_1_7' title="bbox 51 3547 1145 4085">
     <span class='ocr_line' id='line_1_40' title="bbox 86 3547 1145 3614; baseline -0.006 -14"><span class='ocrx_word' id='word_1_368' title='bbox 86 3552 163 3600; x_wconf 86' lang='lat' dir='ltr'>Varia</span> <span class='ocrx_word' id='word_1_369' title='bbox 174 3557 243 3610; x_wconf 85' lang='grc' dir='ltr'>ιιιιιι,</span> <span class='ocrx_word' id='word_1_370' title='bbox 254 3547 345 3613; x_wconf 88' lang='lat' dir='ltr'>quibus</span> <span class='ocrx_word' id='word_1_371' title='bbox 357 3549 498 3611; x_wconf 78' lang='lat' dir='ltr'>pretiantur</span> <span class='ocrx_word' id='word_1_372' title='bbox 509 3556 585 3614; x_wconf 89' lang='lat' dir='ltr'>atque</span> <span class='ocrx_word' id='word_1_373' title='bbox 598 3557 769 3613; x_wconf 80' lang='lat' dir='ltr'>agnoscantur</span> <span class='ocrx_word' id='word_1_374' title='bbox 780 3550 856 3598; x_wconf 83' lang='lat' dir='ltr'>alieni</span> <span class='ocrx_word' id='word_1_375' title='bbox 876 3550 940 3597; x_wconf 89' lang='lat' dir='ltr'>talea</span> <span class='ocrx_word' id='word_1_376' title='bbox 952 3548 1039 3608; x_wconf 81' lang='lat' dir='ltr'>loetus,</span> <span class='ocrx_word' id='word_1_377' title='bbox 1051 3547 1145 3595; x_wconf 88' lang='lat' dir='ltr'>iudicia</span> 
     </span>
     <span class='ocr_line' id='line_1_41' title="bbox 55 3627 1144 3694; baseline -0.006 -15"><span class='ocrx_word' id='word_1_378' title='bbox 55 3633 163 3692; x_wconf 90' lang='lat' dir='ltr'>critica;</span> <span class='ocrx_word' id='word_1_379' title='bbox 180 3646 211 3679; x_wconf 88' lang='lat' dir='ltr'>ex</span> <span class='ocrx_word' id='word_1_380' title='bbox 230 3630 322 3694; x_wconf 91' lang='lat' dir='ltr'>quibus</span> <span class='ocrx_word' id='word_1_381' title='bbox 340 3630 670 3678; x_wconf 86' lang='lat' dir='ltr'>nonnullacommernorare</span> <span class='ocrx_word' id='word_1_382' title='bbox 690 3645 739 3677; x_wconf 91' lang='lat' dir='ltr'>uon</span> <span class='ocrx_word' id='word_1_383' title='bbox 759 3631 869 3678; x_wconf 86' lang='lat' dir='ltr'>alienum</span> <span class='ocrx_word' id='word_1_384' title='bbox 888 3629 996 3676; x_wconf 82' lang='lat' dir='ltr'>videtur.</span> <span class='ocrx_word' id='word_1_385' title='bbox 1030 3627 1144 3674; x_wconf 85' lang='lat' dir='ltr'>Primum</span> 
     </span>
     <span class='ocr_line' id='line_1_42' title="bbox 51 3706 1144 3770; baseline -0.007 -13"><span class='ocrx_word' id='word_1_386' title='bbox 51 3711 173 3770; x_wconf 83' lang='lat' dir='ltr'>ejrnnrodi</span> <span class='ocrx_word' id='word_1_387' title='bbox 185 3711 361 3759; x_wconf 83' lang='lat' dir='ltr'>additamenta</span> <span class='ocrx_word' id='word_1_388' title='bbox 379 3708 486 3757; x_wconf 86' lang='lat' dir='ltr'>subinde</span> <span class='ocrx_word' id='word_1_389' title='bbox 503 3708 665 3758; x_wconf 77' lang='lat' dir='ltr'>manifestam</span> <span class='ocrx_word' id='word_1_390' title='bbox 682 3709 772 3770; x_wconf 72' lang='lat' dir='ltr'>glossae</span> <span class='ocrx_word' id='word_1_391' title='bbox 794 3709 848 3756; x_wconf 87' lang='lat' dir='ltr'>sive</span> <span class='ocrx_word' id='word_1_392' title='bbox 869 3707 958 3756; x_wconf 82' lang='lat' dir='ltr'>ecbolii</span> <span class='ocrx_word' id='word_1_393' title='bbox 977 3706 1089 3767; x_wconf 88' lang='lat' dir='ltr'>speciem</span> <span class='ocrx_word' id='word_1_394' title='bbox 1102 3707 1144 3750; x_wconf 86' lang='lat' dir='ltr'>lra-</span> 
     </span>
     <span class='ocr_line' id='line_1_43' title="bbox 55 3785 1145 3853; baseline -0.006 -18"><span class='ocrx_word' id='word_1_395' title='bbox 55 3788 127 3837; x_wconf 91' lang='lat' dir='ltr'>bent.</span> <span class='ocrx_word' id='word_1_396' title='bbox 149 3791 250 3837; x_wconf 86' lang='lat' dir='ltr'>Deinde</span> <span class='ocrx_word' id='word_1_397' title='bbox 262 3806 293 3837; x_wconf 83' lang='lat' dir='ltr'>ex</span> <span class='ocrx_word' id='word_1_398' title='bbox 305 3806 335 3838; x_wconf 89' lang='lat' dir='ltr'>eu</span> <span class='ocrx_word' id='word_1_399' title='bbox 346 3790 449 3852; x_wconf 83' lang='lat' dir='ltr'>agnosci</span> <span class='ocrx_word' id='word_1_400' title='bbox 461 3790 555 3848; x_wconf 87' lang='lat' dir='ltr'>solent,</span> <span class='ocrx_word' id='word_1_401' title='bbox 566 3789 632 3853; x_wconf 89' lang='lat' dir='ltr'>qnod</span> <span class='ocrx_word' id='word_1_402' title='bbox 645 3791 788 3851; x_wconf 90' lang='lat' dir='ltr'>importune</span> <span class='ocrx_word' id='word_1_403' title='bbox 800 3787 944 3848; x_wconf 85' lang='lat' dir='ltr'>insciteque</span> <span class='ocrx_word' id='word_1_404' title='bbox 956 3785 1145 3843; x_wconf 84' lang='lat' dir='ltr'>interrumpunt</span> 
     </span>
     <span class='ocr_line' id='line_1_44' title="bbox 55 3861 1143 3931; baseline -0.007 -17"><span class='ocrx_word' id='word_1_405' title='bbox 55 3868 216 3927; x_wconf 87' lang='lat' dir='ltr'>senteutiam,</span> <span class='ocrx_word' id='word_1_406' title='bbox 228 3868 297 3930; x_wconf 80' lang='lat' dir='ltr'>draus,</span> <span class='ocrx_word' id='word_1_407' title='bbox 308 3884 365 3931; x_wconf 78' lang='lat' dir='ltr'>qnae</span> <span class='ocrx_word' id='word_1_408' title='bbox 377 3884 408 3916; x_wconf 86' lang='lat' dir='ltr'>ea</span> <span class='ocrx_word' id='word_1_409' title='bbox 418 3870 584 3929; x_wconf 87' lang='lat' dir='ltr'>antecedunt,</span> <span class='ocrx_word' id='word_1_410' title='bbox 598 3877 624 3916; x_wconf 92' lang='lat' dir='ltr'>et</span> <span class='ocrx_word' id='word_1_411' title='bbox 642 3883 698 3931; x_wconf 75' lang='lat' dir='ltr'>qnae</span> <span class='ocrx_word' id='word_1_412' title='bbox 715 3875 866 3931; x_wconf 88' lang='lat' dir='ltr'>sequuntur,</span> <span class='ocrx_word' id='word_1_413' title='bbox 881 3862 1024 3911; x_wconf 83' lang='lat' dir='ltr'>necessario</span> <span class='ocrx_word' id='word_1_414' title='bbox 1035 3861 1143 3923; x_wconf 87' lang='lat' dir='ltr'>quodam</span> 
     </span>
     <span class='ocr_line' id='line_1_45' title="bbox 52 3940 1144 4010; baseline -0.007 -18"><span class='ocrx_word' id='word_1_415' title='bbox 52 3958 120 3992; x_wconf 88' lang='lat' dir='ltr'>uexn</span> <span class='ocrx_word' id='word_1_416' title='bbox 132 3945 270 4006; x_wconf 82' lang='lat' dir='ltr'>cobserent,</span> <span class='ocrx_word' id='word_1_417' title='bbox 283 3948 440 4008; x_wconf 79' lang='lat' dir='ltr'>sublatisque</span> <span class='ocrx_word' id='word_1_418' title='bbox 453 3951 537 3997; x_wconf 84' lang='lat' dir='ltr'>verbis</span> <span class='ocrx_word' id='word_1_419' title='bbox 558 3949 682 4010; x_wconf 84' lang='lat' dir='ltr'>srrspectis</span> <span class='ocrx_word' id='word_1_420' title='bbox 701 3948 782 3995; x_wconf 90' lang='lat' dir='ltr'>multo</span> <span class='ocrx_word' id='word_1_421' title='bbox 798 3946 882 4007; x_wconf 89' lang='lat' dir='ltr'>aptior</span> <span class='ocrx_word' id='word_1_422' title='bbox 900 3950 977 4003; x_wconf 88' lang='lat' dir='ltr'>atque</span> <span class='ocrx_word' id='word_1_423' title='bbox 989 3940 1144 4000; x_wconf 79' lang='lat' dir='ltr'>elegantior,</span> 
     </span>
     <span class='ocr_line' id='line_1_46' title="bbox 56 4018 1143 4085; baseline -0.006 -13"><span class='ocrx_word' id='word_1_424' title='bbox 56 4023 189 4085; x_wconf 70' lang='lat' dir='ltr'>Poetaqne</span> <span class='ocrx_word' id='word_1_425' title='bbox 201 4024 310 4085; x_wconf 81' lang='lat' dir='ltr'>dignior,</span> <span class='ocrx_word' id='word_1_426' title='bbox 320 4028 451 4076; x_wconf 80' lang='lat' dir='ltr'>seutentiae</span> <span class='ocrx_word' id='word_1_427' title='bbox 465 4029 587 4076; x_wconf 81' lang='lat' dir='ltr'>uniuersa</span> <span class='ocrx_word' id='word_1_428' title='bbox 598 4027 723 4076; x_wconf 83' lang='lat' dir='ltr'>connexio</span> <span class='ocrx_word' id='word_1_429' title='bbox 732 4025 915 4084; x_wconf 83' lang='lat' dir='ltr'>conversioque</span> <span class='ocrx_word' id='word_1_430' title='bbox 926 4020 1050 4068; x_wconf 86' lang='lat' dir='ltr'>exoritur.</span> <span class='ocrx_word' id='word_1_431' title='bbox 1067 4018 1143 4067; x_wconf 78' lang='lat' dir='ltr'>erud</span> 
     </span>
    </p>
   </div>
   <div class='ocr_carea' id='block_1_5' title="bbox 0 0 1208 4200">
    <p class='ocr_par' dir='ltr' id='par_1_8' title="bbox 0 0 1208 4200">
     <span class='ocr_line' id='line_1_47' title="bbox 0 0 1208 4200; baseline 0 1"><span class='ocrx_word' id='word_1_432' title='bbox 0 0 1208 4200; x_wconf 95' lang='lat' dir='ltr'> </span> 
     </span>
    </p>
   </div>
  </div>
 </body>
</html>
