2408 4200
502 276 706 326 oanntuun
721 277 802 327 ‘nra
825 277 849 327 s.
872 263 925 329 12.

291 415 426 493 Crescit,
440 415 572 480 ooonlto
588 417 676 481 velot
689 419 785 482 orbor
800 437 891 498 aevo,

293 515 398 580 Fama
412 515 585 580 Marcelli:
607 518 712 582 micat
724 519 811 582 inter
824 538 942 585 omnes

289 613 419 678 iulium
434 615 537 693 sidus,
550 617 641 680 velut
654 617 741 681 inter
754 618 850 699 ignes

541 716 639 781 nana
652 720 809 783 minores.

290 812 411 877 Gentis
425 815 575 880 humanm
590 803 685 898 paler
699 826 804 901 atque
819 825 942 896 custos,

164 983 226 1032 sicat
235 985 304 1034 urlor
314 990 401 1034 mereto
412 983 523 1048 temporis
539 997 673 1047 progressa
706 984 740 1032 st
750 989 840 1033 meros
850 984 914 1034 inter
924 988 1030 1048 splendet
1044 995 1134 1038 onnam
1144 989 1179 1038 du
1193 989 1199 1000 '

163 1046 231 1096 lassu
241 1050 304 1098 inter
314 1051 416 1097 minores
426 1049 515 1097 adelina⁸
550 1044 617 1111 ofili
628 1046 729 1094 ΜΝ
740 1046 849 1109 Jupiter,
860 1049 955 1098 lumi
963 1053 1057 1111 pneris
1067 1058 1148 1101 osctor
1162 1059 1185 1102 et

617 1185 692 1208 ΜΝ
694 1187 798 1208 ΙΙΙΙΙΙΙ

162 1282 208 1332 Sil.
219 1283 280 1334 Ital.
291 1298 311 1336 t.
321 1290 378 1335 609.
389 1291 414 1335 et
424 1285 564 1335 colimento
576 1285 684 1334 Mediol.
696 1290 768 1335 tm.
779 1294 807 1337 nt
817 1289 883 1351 conj.
896 1289 1049 1338 Bentl-dl
1062 1289 1120 1340 Nic.
1132 1289 1201 1339 Heln

164 1347 233 1408 couj.
250 1349 407 1399 exultem.
419 1364 486 1410 arao,
505 1347 524 1396 l·
537 1364 562 1398 e.
579 1348 685 1398 deserto
704 1362 805 1413 campo,
822 1352 950 1414 probante
969 1353 1163 1402 Reatino-td

653 1491 677 1540 N
681 1490 758 1542 0⁰1·AE

165 1582 341 1645 triumpharit,
358 1585 515 1650 Romamque
528 1587 583 1650 ism
600 1587 634 1636 ab
650 1586 689 1639 tie
729 1603 797 1638 mnm
820 1589 1007 1638 circumventus
1027 1603 1057 1638 nc
1078 1603 1161 1639 caena
1175 1597 1201 1640 et

163 1666 266 1721 captam
279 1665 383 1709 strenue
391 1662 528 1725 pnqttando
538 1663 688 1713 vindicavit.
728 1664 779 1713 coli
790 1671 818 1713 et
829 1664 960 1714 observari
968 1665 1061 1714 meruit
1070 1672 1128 1727 post
1136 1671 1203 1714 mort

163 1731 205 1781 Ad
216 1747 294 1782 annos
305 1736 436 1798 octoginte
447 1735 611 1801 ttetpeottes
623 1753 689 1787 sem·
730 1738 796 1786 Nem
808 1746 835 1787 at
847 1737 984 1788 honorilice
1001 1738 1163 1788 cremandum
1192 1746 1199 1759 ·

161 1808 208 1870 per
224 1808 293 1857 utilis
313 1809 396 1860 vixit:
414 1811 474 1862 ltine
493 1819 570 1874 pater
588 1813 689 1878 patria,
729 1811 799 1861 nibal
820 1813 929 1875 curarit,
947 1814 1052 1877 ejusque
1069 1814 1169 1863 eineres

161 1884 226 1932 ulter
242 1873 374 1941 ll'omnlns,
385 1886 495 1937 acerbis
510 1887 629 1938 conditor
639 1903 690 1938 me·
730 1894 853 1950 argentea
864 1889 974 1937 inclusos
984 1895 1010 1936 et
1018 1902 1198 1937 coroneanrea

162 1959 372 2021 rltnsappelierl.
405 1961 473 2011 Vide
485 1963 541 2011 Ilr.
551 1963 598 2013 lib.
607 1967 690 2015 mire.
729 1969 831 2010 curatos
850 1962 882 2011 ad
904 1962 961 2024 ejus
979 1960 1059 2009 tilium
1079 1963 1158 2011 misit.
1201 1969 1204 2003 2

196 2037 227 2081 ti
247 2033 348 2094 Crescit,
363 2037 450 2083 occulto
469 2039 533 2085 celat
548 2038 616 2086 orior
631 2055 690 2102 oeoo,
731 2037 813 2085 taren.
829 2037 884 2084 Lir.
902 2034 948 2084 lib.
959 2047 1042 2084 xxttr.
1059 2043 1086 2084 et
1097 2050 1152 2099 seq.
1162 2035 1195 2083 Vi

165 2107 240 2157 Fumo
252 2107 374 2170 Marcella]
384 2109 456 2158 Sient
468 2110 544 2158 arbor
555 2113 646 2161 sensim
658 2127 689 2162 ao
731 2109 832 2159 AEueid.
844 2123 882 2159 vr.
891 2113 949 2157 8⁶6.

164 2183 266 2231 neruiue
292 2181 445 2233 advertente
472 2185 576 2241 erescit,
602 2189 689 2236 malta
765 2185 840 2233 diicat
868 2185 936 2231 ister
959 2197 1037 2230 omnes
1062 2180 1154 2229 duliam

164 2271 222 2318 oeoo,
233 2255 334 2305 labente
346 2257 412 2306 clem
430 2263 554 2321 tempore,
572 2273 688 2323 prognes·
729 2260 835 2309 Seston.
846 2259 900 2309 Jol.
912 2272 969 2320 cap.
980 2261 1021 2306 88.
1032 2256 1071 2305 ita
1081 2253 1191 2303 scribit:

164 2331 327 2380 sumentium
339 2335 558 2394 otenmrum,ita
569 2335 689 2386 Mamili
730 2334 844 2382 Deorum
866 2345 998 2380 nnmerum
1021 2331 1115 2379 relatus
1133 2335 1182 2385 eat,

162 2403 230 2454 i'sma
251 2406 277 2454 lu
296 2405 352 2456 dias
375 2413 492 2470 angetur
507 2422 539 2457 ac
560 2410 688 2460 celebrior
730 2408 863 2459 oremodo
880 2407 1084 2466 decernentium,
1099 2403 1145 2452 sed
1157 2411 1185 2454 et

161 2482 257 2530 evadit.
292 2482 490 2532 Emmathano
503 2484 586 2533 locoru
601 2485 640 2534 sio
660 2485 689 2533 il·
727 2484 846 2533 suasione
857 2482 942 2543 vulgi:
960 2480 1087 2544 siquidem
1104 2478 1180 2539 ludio,
1198 2506 1200 2517 ι

162 2554 256 2605 instrat
266 2571 272 2604 :
284 2555 389 2605 ‘Solent
397 2559 525 2619 praoooie
534 2558 620 2608 subito
628 2557 689 2608 llae-
728 2559 810 2621 primo
820 2564 987 2609 consecratos
998 2556 1022 2605 ei
1031 2554 1113 2605 lieres
1121 2553 1198 2618 suga

162 2643 286 2687 oeseere;
306 2631 351 2680 sed
362 2632 429 2695 qnod
445 2633 571 2695 paulatim
590 2647 690 2682 scaea·
728 2632 831 2692 edebat,
842 2633 919 2682 stella
928 2631 1020 2680 crinita
1029 2645 1076 2693 per
1084 2638 1184 2692 septam
1203 2650 1204 2666 u

163 2703 210 2765 cit,
218 2704 388 2754 derabileest.
400 2705 477 2754 Unde
485 2706 689 2755 Horatiusllar·
727 2709 862 2757 continuos
878 2706 960 2767 fulsit,
980 2706 1097 2755 exoriens
1118 2706 1190 2755 circa

164 2777 326 2829 collisanum
342 2781 485 2831 relutcum
504 2781 595 2830 robore
613 2782 688 2832 erbo·
728 2782 852 2832 deciment
879 2782 984 2831 horam:
1009 2780 1188 2843 creditumque

164 2861 378 2915 consurgentem
393 2854 529 2904 celebrat!
727 2858 834 2906 animem
852 2868 909 2904 esso
929 2853 1038 2902 (laseris
1058 2853 1083 2900 in
1103 2854 1194 2901 eoelunu

194 2931 227 2976 ld
243 2927 366 2989 Marcelli]
390 2928 454 2980 ins
473 2929 526 2990 ille,
543 2945 592 2980 nou
612 2933 686 2995 plane
727 2932 813 2994 cepti:
832 2931 916 2978 etheo
928 2928 1188 2977 decausasimnlscro

161 3008 271 3052 aonsht.
306 3002 357 3052 stit
374 3003 463 3052 volout
479 3004 515 3054 Μ.
533 3005 686 3055 Marcellum
727 3005 752 3053 ln
768 3002 984 3052 vertioeedditur
1003 3001 1096 3049 stella!
1128 3001 1202 3048 lderu

162 3073 279 3126 Octavia)
301 3077 411 3140 Augusti
429 3080 525 3127 sororis
540 3079 631 3140 tilium,
646 3079 688 3127 cui
727 3078 811 3126 fertur
827 3076 853 3120 ln
873 3074 995 3133 Epistoiis
1013 3074 1131 3133 Augusti.
1165 3073 1197 3117 Vi

163 3150 189 3197 in
201 3151 307 3212 Imperii
323 3167 499 3201 succentorem
511 3153 636 3215 adoptato
648 3169 688 3202 su·
730 3150 820 3206 1¹:0¹⁰&
832 3157 870 3192 ¹¹·
881 3148 923 3191 ⁴⁷·
938 3144 1026 3190 ἘΜ
1038 3145 1137 3191 Πῑθῃὲῑ
1153 3157 1200 3205 9¹⁰

165 3237 205 3271 em
227 3225 271 3271 ille
291 3223 369 3271 filiam
391 3223 565 3284 desponderet
585 3227 690 3275 duliam.
730 3222 764 3268 sit
786 3217 895 3266 Ceruaria
917 3214 1032 3263 astrnm.'
1063 3215 1175 3264 videet

168 3298 207 3345 De
220 3311 251 3345 eo
262 3296 357 3359 virgil.
369 3295 468 3344 AEneid.
480 3308 518 3344 vt.
529 3300 585 3345 861.
597 3304 624 3345 et
636 3311 691 3359 seq.
733 3291 814 3341 tercii.
828 3289 905 3336 Dion.
918 3286 963 3336 lib.
976 3299 1039 3335 xcv.
1055 3287 1147 3336 Seuec.
1158 3289 1199 3340 Qu

166 3377 194 3420 et
204 3371 305 3419 seneca
322 3370 354 3419 ad
368 3370 494 3419 Marciam
511 3384 568 3433 cop.
585 3373 610 3418 2.
643 3371 692 3419 Ve·
733 3365 851 3416 Natural.
865 3364 1192 3416 vn.1r.Ptin.n.2⁵.ubi

167 3459 221 3492 rum
242 3459 299 3492 cnm
319 3446 340 3493 is
358 3446 492 3495 admodum
509 3447 622 3509 juvenis,
639 3448 692 3496 sols
731 3441 798 3504 gusti
811 3440 890 3503 ipsius
904 3439 936 3489 de
949 3440 1041 3490 crinito
1053 3441 1096 3489 illo
1107 3440 1192 3490 sidere

166 3518 252 3566 indole
274 3517 397 3579 preclara
419 3520 568 3570 nobilitatus
588 3522 692 3584 obierit,
730 3519 862 3568 timonium
875 3516 964 3566 refert.
997 3516 1079 3565 Porro
1092 3522 1193 3564 comete

167 3607 217 3654 quo
229 3599 307 3653 pacto
318 3591 373 3652 ejus
384 3592 450 3640 lama
464 3608 579 3645 cresccre
596 3597 689 3645 indies
729 3593 974 3643 CirristiServatoris
981 3592 1062 3640 nostri
1070 3592 1180 3639 natalem
1197 3611 1201 3631 ·

165 3670 199 3717 ab
215 3667 328 3716 Horatio
345 3666 465 3715 dicatur?
495 3669 586 3732 ltaque
606 3673 688 3720 malim
728 3671 858 3717 nuntiasse
870 3669 951 3715 multo
961 3667 1050 3715 melius
1062 3666 1185 3714 ereditur.

166 3758 215 3808 ego
227 3758 286 3791 oum
303 3743 360 3789 aliis
379 3742 522 3805 intelligere
540 3744 690 3795 M.Clandi·
761 3747 793 3790 tu
812 3742 898 3788 Gentis
909 3741 1014 3787 lemene
1024 3740 1167 3802 patente]
1195 3748 1201 3763 ·

166 3832 206 3865 um
218 3816 382 3877 Marcellum,
401 3816 535 3879 quinquies
547 3819 690 3880 Consulens,
730 3817 800 3864 clare
813 3814 844 3862 ad
858 3812 1074 3876 Augustumque
1085 3823 1154 3862 totns
1167 3823 1204 3863 te

168 3891 210 3952 qui
223 3891 313 3940 Gallos
331 3889 526 3952 Germanosque
545 3892 692 3953 debellarit,
731 3892 786 3949 bat,
808 3886 961 3936 laudandum
984 3889 1053 3937 venit
1075 3889 1187 3953 tandem,

169 3964 299 4030 ipsumque
308 3963 691 4017 Hannibalemiuvictnmantea
730 3964 904 4027 apostrophen
920 3961 953 4010 ad
973 3962 1074 4022 lovem,
1092 3964 1132 4011 cui
1150 3966 1200 4016 diri

171 4038 235 4088 rinei
254 4053 330 4104 posse
346 4039 435 4089 docuit
447 4055 452 4087 :
472 4045 550 4102 atque
562 4040 594 4087 ab
606 4053 637 4089 eo
649 4040 691 4093 de·
732 4054 789 4089 cum
802 4039 857 4102 ipso
869 4037 1007 4101 Imperium
1019 4038 1120 4088 usserit.
