2408 4200
382 274 588 359 esnnrrtnrt
614 280 688 329 urs.
713 280 763 327 ιν.
784 265 817 328 2.

233 425 301 487 Seu
317 442 379 506 per
392 422 540 486 audaces
554 439 642 487 uovs
659 422 891 506 Dithyrembns

232 525 345 588 Verba
359 523 518 597 devolvit,
531 522 739 604 numerisque
752 523 852 586 fertur

488 623 579 703 Lege
592 623 731 701 solutis3

230 726 297 790 Seu
313 724 420 801 Deos,
435 735 573 804 regesve
587 723 691 802 osuit,
708 724 854 787 Deorum

59 913 85 962 io
94 913 251 977 dithyrambis
258 910 394 974 audacibus,
405 909 530 973 scribitque
540 909 621 958 metris
631 909 713 960 liberis
721 926 731 968 ς
739 911 789 960 sies
798 911 863 960 conii
872 911 951 961 Dives
959 926 987 961 sc
996 911 1074 974 trega
1083 912 1147 961 Deo·

515 1050 698 1070 ΜΜΜΙΟ

58 1149 230 1202 tresue-11
247 1151 325 1202 Veris
341 1149 439 1199 dimisit
457 1150 552 1198 Venet-
570 1151 642 1197 tros.
661 1147 766 1198 iroeher.
778 1154 805 1197 et
816 1147 925 1198 Arcens.
938 1148 980 1213 qui
993 1151 1061 1212 expl.
1079 1149 1146 1198 ‘dit'-

58 1213 138 1263 fluere
150 1213 230 1263 fecit!
262 1214 317 1262 Ait.
328 1219 352 1262 t.
369 1227 520 1274 numerusque
528 1213 612 1270 sertsr
626 1213 690 1273 Lege
707 1215 870 1262 solutae-li
890 1213 962 1261 Heri.
981 1217 1006 1261 3.
1024 1219 1048 1261 t.
1061 1218 1086 1263 d.
1103 1214 1146 1262 elli

57 1279 144 1333 multi,
162 1292 220 1327 cum
240 1277 300 1326 edd.
320 1284 385 1326 vett.
405 1290 531 1338 regesqoer
548 1276 622 1324 Hert.
633 1280 656 1324 l.
668 1280 692 1324 2.
703 1282 727 1324 6.
739 1276 841 1339 quidem
859 1276 983 1336 Lumbiui,
1002 1274 1053 1324 duo
1070 1278 1146 1325 Bere·

58 1342 154 1401 menni,
168 1342 280 1390 Bentleii
292 1341 381 1390 Grmv.
400 1340 460 1389 Gai.
480 1339 554 1386 Bodi.
566 1342 591 1386 2.
607 1345 634 1387 et
653 1339 766 1388 colbert.
784 1354 841 1387 curu
857 1339 917 1388 edd.
938 1340 1023 1388 Bentl.
1040 1340 1147 1390 Veseot.

58 1404 169 1468 Crrniug.
187 1403 282 1454 Sunud.
294 1405 410 1460 Temere,
427 1403 498 1461 leni,
517 1401 622 1464 Dipout.
643 1401 749 1452 Mitselr.
768 1402 877 1453 Wetrel.
894 1401 994 1452 Wskei.
1012 1403 1101 1453 Comb.
1119 1413 1147 1454 et

546 1560 654 1611 NOTAE

90 1680 121 1726 lt)
138 1676 318 1741 Dilimnmdos]
336 1677 452 1741 Hymnus
464 1691 509 1727 seu
518 1676 579 1725 Cur·
619 1668 719 1739 petrem
731 1676 753 1724 si
763 1676 925 1725 invocarent:
937 1673 977 1723 sin
990 1673 1146 1738 Apollinem,

57 1759 182 1799 meruerat
193 1753 219 1799 iu
231 1753 350 1801 honorem
363 1753 470 1808 Bacchi,
489 1751 533 1816 qui
552 1757 579 1801 et
620 1751 723 1816 plscide
735 1752 874 1802 cenebuut.
891 1750 968 1799 Unde
976 1750 1145 1811 Epiclssrmus

56 1827 113 1888 ipse
133 1826 217 1874 dictus
235 1833 276 1875 est
297 1827 492 1890 Ditlryrsmbrrs,
509 1826 578 1889 qussi
620 1825 706 1888 lepide
724 1827 786 1874 ibid.
814 1827 865 1874 οὐκ
885 1824 935 1872 ἔστι
954 1823 1100 1885 διθύραμβοι,
1117 1824 1146 1873 is

58 1901 169 1964 tissime
180 1900 580 1961 dmifior‚reidpi3nives,bisriloe
618 1902 678 1962 ὕδωρ
704 1901 766 1962 πίῃς.
799 1901 884 1947 Nullus
902 1903 938 1946 est
962 1899 1146 1960 Dithyrombtse,

55 1983 137 2039 portae
153 1978 279 2038 tremisse,
300 1976 359 2039 quie
378 1976 487 2036 primum
504 1976 579 2019 uetus
618 1974 732 2036 aquomst*
748 1973 819 2022 dione
844 1971 899 2021 Cic.
919 1984 963 2019 ιιι.
981 1970 1014 2018 de
1026 1970 1100 2019 Oret.
1119 1985 1145 2018 n.

56 2066 88 2100 ex
106 2060 180 2101 utero
198 2051 314 2100 Semeles
337 2047 434 2108 metris,
453 2044 579 2093 deindte
620 2055 676 2100 tsi.
701 2049 789 2098 ‘lude
810 2050 851 2098 ille
863 2048 981 2097 licentior
998 2054 1027 2096 et
1040 2046 1145 2097 divitior

54 2127 127 2176 iovis
135 2125 276 2184 lemore,nt
284 2120 440 2169 t'ebrrlnutnr.
457 2118 579 2167 Aliitlies
618 2123 695 2173 fluxit
705 2123 899 2187 Dirhymmbnq
911 2124 983 2185 eujus
994 2121 1107 2171 membru
1118 2126 1146 2171 et

56 2199 223 2262 etymologias
238 2195 358 2245 efferunt.
377 2195 467 2258 Apage
478 2194 522 2258 qul
533 2193 579 2257 Sy·
620 2198 700 2262 pedes
708 2205 768 2245 snut
778 2199 802 2245 in
813 2197 881 2245 omui
891 2197 1020 2257 locuplete
1030 2196 1145 2245 oretioue

56 2274 151 2323 rieesm
163 2272 286 2336 originem
294 2272 320 2320 lu
331 2285 401 2320 mere
410 2271 505 2319 Grreeu
516 2283 579 2319 voce
620 2271 730 2323 diffuse?
758 2271 886 2320 Plnderus
898 2269 1003 2334 olymp.
1016 2269 1067 2320 Od.
1079 2284 1144 2320 xus.

55 2351 229 2413 explicentur.
255 2347 393 2410 lugentum
409 2361 471 2395 vero
483 2346 580 2405 Moses,
620 2350 758 2400 corinthiis
770 2348 860 2398 rubuit
870 2346 1094 2410 Dirhyramnorum
1107 2349 1144 2397 in·

54 2424 163 2473 eruditis
175 2423 242 2472 idem
258 2424 302 2487 qui
317 2421 442 2484 Bocchus,
459 2422 580 2484 intelligi·
619 2431 776 2479 melonem,

53 2501 153 2550 turbae
165 2498 337 2562 appellatione
350 2496 523 2558 Ditiryrambi,
540 2504 580 2545 nt·
652 2508 680 2554 11
700 2504 857 2566 Numeremus
869 2502 952 2561 sertus
965 2501 1029 2564 Lege
1050 2502 1144 2564 solutis]

54 2584 115 2637 pote
125 2575 168 2637 qui
183 2575 246 2621 duis
259 2573 332 2636 qunti
345 2580 438 2620 mite·
450 2572 579 2634 imbuerit,
620 2579 679 2630 Non
690 2579 757 2644 qnod
770 2580 795 2627 in
805 2577 982 2641 Ditlryrurnbis
996 2577 1144 2626 nullaesset

54 2650 578 2712 sbnlterngenitus‚sqrrisetmortierep·
618 2656 660 2704 lex
678 2661 723 2704 eut
742 2667 861 2702 mensure
887 2650 990 2714 pedum,
1012 2651 1058 2699 sed
1084 2651 1144 2715 quis

55 2730 95 2772 tus
108 2723 140 2772 sb
152 2724 579 2785 nitereetqueeduostus‚scliieet
619 2744 710 2791 magns
727 2736 783 2777 erut
803 2734 912 2776 metrum
933 2725 1047 2775 veriendi
1064 2725 1144 2775 licen·

56 2797 135 2847 stilis
146 2798 298 2846 Pharaonis.
315 2797 381 2845 Vide
392 2797 504 2845 Srrldurn.
519 2799 580 2847 Sce-
619 2804 674 2861 tie;
692 2810 719 2852 et
730 2801 796 2863 quod
808 2803 833 2848 iu
847 2801 886 2848 liis
901 2800 989 2849 Polites
1009 2799 1144 2848 vehemen-

55 2871 187 2936 ¹180P05i·
203 2886 223 2920 1·
233 2875 275 2929 ⁴⁶2
285 2870 328 2918 ubl
338 2871 416 2918 ellim
437 2869 519 2931 eddit,
532 2871 581 2918 Di·
618 2878 679 2924 tiam
696 2877 872 2937 impetumque
891 2875 968 2921 enimi
984 2874 1144 2935 potissimum

54 2946 205 3012 tlryrurubici
216 2946 445 3007 Carminisstyltrm
455 2945 579 2994 tumidum
618 2954 794 3012 sequerentur,
822 2946 952 3007 magisque
979 2946 1144 2995 attenderent

54 3037 119 3083 esse,
131 3023 286 3087 plenumque
299 3019 411 3076 Baccho,
422 3020 542 3079 numeris,
553 3028 579 3068 et
617 3021 818 3070 modulationem
840 3018 975 3078 carminis,
997 3032 1073 3080 quern
1098 3034 1144 3080 pe·

53 3098 159 3147 vocibus
172 3097 330 3161 compositis,
347 3109 410 3159 quus
423 3100 515 3142 vocent
527 3108 580 3142 sm·
616 3095 676 3141 dum
699 3102 798 3142 eertum
828 3091 922 3155 ubique
949 3091 1041 3152 legem.
1074 3091 1143 3140 Vide

53 3173 137 3234 pullus
148 3180 175 3219 et
189 3170 382 3235 sesquipedales
392 3183 482 3216 voees:
501 3175 579 3231 utque
618 3170 694 3219 Alex.
707 3170 739 3217 sb
751 3168 828 3216 Alex.
840 3181 878 3215 ιιι.
892 3169 931 3214 ll.
943 3165 989 3213 sub
1000 3163 1086 3214 finem.

53 3247 151 3295 idcirco
172 3245 316 3293 ‘audaces’
339 3245 370 3292 sb
392 3243 502 3292 Horatio
525 3243 577 3292 dici
650 3249 681 3294 lt
699 3243 826 3293 Piudsrrrs
843 3243 910 3291 enim
925 3253 1028 3301 presunt
1040 3240 1144 3303 cecinit,

53 3319 243 3384 dithyrsmbos:
261 3319 293 3366 nir
311 3319 430 3381 AEschylo
445 3333 505 3366 vero
516 3318 578 3367 Cur·
617 3334 663 3368 sen
684 3320 802 3382 Hymnss
820 3319 845 3364 in
864 3318 986 3365 honorem
1007 3315 1144 3378 Apollinis.

52 3411 110 3444 meu
132 3402 240 3448 tumens,
262 3393 389 3452 exultans,
409 3401 490 3440 totum
512 3392 577 3440 Bsc·
617 3395 701 3443 Porro
718 3399 792 3442 notat
810 3392 851 3440 iric
871 3390 994 3438 Horatius
1012 3390 1144 3454 precipue

53 3473 137 3519 clruru.
162 3468 313 3530 ibidemque
332 3468 375 3514 iile
395 3465 471 3514 effert
491 3465 576 3528 Hege-
619 3471 767 3532 Lyricorum
785 3473 944 3529 argumente,
960 3472 1032 3514 utet
1048 3466 1080 3513 sd
1098 3467 1143 3515 Pi·

53 3547 137 3594 sandri
150 3545 314 3606 Epigramma
326 3540 449 3590 adversus
461 3542 577 3590 Philoso·
618 3558 692 3592 sones
710 3543 794 3605 Epist.
808 3557 844 3588 vs.
856 3543 896 3587 8³.
912 3540 1005 3588 ‘Mose
1023 3540 1095 3588 dedit
1112 3540 1139 3589 ti-

53 3619 254 3683 plros,ejusmodi
264 3616 395 3666 vocabulis
403 3615 529 3668 inflatum:
540 3620 578 3668 sie
618 3620 692 3667 dibus
708 3621 801 3678 Divos,
817 3629 960 3679 puerosque
971 3618 1098 3675 Deorum,
1108 3617 1142 3664 Et

52 3696 159 3756 incipit:
187 3691 425 3755 'oppowmwiinq
444 3694 578 3754 ῥινηκατα·
619 3696 730 3758 pugilem
746 3695 879 3748 victorem,
902 3697 928 3737 et
945 3705 1037 3752 equum
1058 3696 1143 3738 certe·

53 3768 199 3828 πηζιγένιιοι,
210 3773 259 3817 ἀι.
287 3771 326 3817 Ειι
346 3769 471 3816 Atheneo
482 3782 540 3817 xrv.
552 3775 576 3818 6.
618 3771 685 3818 mine
702 3769 820 3831 primum,
833 3769 867 3815 Et
875 3767 999 3826 juvenum
1017 3780 1099 3827 curus,
1115 3773 1142 3813 et
