2408 4200
52 264 115 327 atu
409 281 441 340 Q.
465 274 622 325 uoaurtr
650 274 781 324 nascor

225 422 318 484 Arsit
334 419 471 482 Atrides
485 417 593 480 modio
605 417 638 478 in
654 414 821 497 triumpho

481 518 617 599 Virgine
631 524 737 598 rapta,

227 623 383 686 Barbarae
399 630 577 704 postquam
595 618 744 682 cecidere
759 624 874 681 turmae

224 723 385 785 Thessalo
399 724 536 796 victore,
551 730 586 782 et
597 720 749 782 ademtus
766 719 891 782 Hector
1104 719 1146 783 10

55 892 176 940 uictoriam
186 894 303 941 adamarit
312 895 411 955 puellam
424 893 474 941 cris
490 892 646 941 abstractam:
663 897 812 954 posteaquam
823 893 940 957 Ptrygroe
950 892 1055 940 colrorler
1064 890 1146 953 profil-

53 962 119 1014 gatoe
138 957 270 1005 Thessalico
286 957 374 1008 victore
386 956 485 1016 suerum
495 971 504 1014 ,·
525 957 654 1018 {lectorque
673 956 811 1006 interemtus
826 956 933 1019 pertaeais
951 956 1045 1004 Grecis
1056 954 1146 1003 dimisit

516 1083 692 1104 ‘cumcun

56 1165 133 1213 etiam
143 1164 331 1225 Tegeaeum—8
347 1167 446 1228 Virgine
455 1174 524 1229 euplo
537 1170 600 1218 Erre.
613 1168 739 1216 Sam-1⁰
752 1166 813 1215 Post
826 1166 912 1214 victore
922 1164 1082 1226 distinguunt
1094 1175 1145 1210 onr-

57 1241 102 1277 nea
111 1227 170 1276 edd.
188 1229 270 1278 ‘utini
282 1231 368 1293 aptius
381 1233 470 1294 virum,
485 1232 593 1280 anenata
608 1231 699 1280 uicton
715 1230 746 1279 ad
764 1229 902 1295 sequentia
913 1225 1030 1278 trahere!
1045 1227 1147 1273 deni.-

552 1350 659 1401 NOTAE

89 1444 192 1492 idrait
212 1445 318 1506 Atrides,
338 1449 391 1510 dfe]
408 1445 584 1509 Agamemnon
625 1446 726 1496 Graecis
747 1459 833 1494 omnes
848 1445 905 1493 aliae
924 1450 1022 1505 genter,
1034 1442 1150 1504 inprimis

59 1520 131 1567 Atrei
150 1521 308 1583 exuurope.
327 1525 367 1570 vel
387 1538 420 1571 ex
440 1524 584 1582 Plistlrene,
624 1530 710 1570 mrtem
723 1522 840 1584 Phryges
851 1520 995 1581 et'l'roJani.
1028 1519 1149 1566 Patetert

59 1603 87 1641 ut
98 1596 214 1642 scribunt
227 1597 279 1654 alii,
291 1597 366 1654 lilius,
378 1600 545 1661 Mycenarum
557 1607 584 1646 et
626 1597 707 1657 Dicty
719 1596 838 1644 Cretensi
852 1595 955 1656 passim.
975 1594 1108 1641 Plutarclr.
1117 1593 1149 1641 de

59 1669 211 1730 Argivorum
234 1683 288 1729 rex,
299 1671 451 1720 Graecorum
468 1674 493 1719 in
508 1686 586 1734 expe·
624 1670 757 1717 audiendis
773 1669 872 1726 Poiitis,
887 1668 1065 1728 disparitatem
1078 1667 1151 1714 Grre-

59 1743 157 1790 ditione
172 1744 284 1805 Trojnna
304 1759 416 1792 struimus
434 1747 588 1810 Imperator,
626 1759 712 1794 corum
730 1754 757 1792 et
767 1743 936 1804 Trojauoruur
949 1755 1151 1789 commemorans

60 1819 86 1865 iu
99 1818 155 1880 ipso
167 1818 238 1865 urbis
251 1820 360 1884 excidio,
372 1821 457 1870 media
469 1823 494 1870 in
506 1823 587 1871 victo·
627 1819 677 1867 ait:
696 1818 852 1866 ‘Probatam
861 1830 918 1864 esse
930 1815 1081 1864 Graeormn
1094 1831 1152 1878 pro·

61 1893 109 1952 ria,
129 1893 277 1942 Cassandrae
304 1896 400 1944 Priami
419 1897 478 1949 filim
501 1912 588 1946 amore
628 1892 776 1953 videnti-m,
795 1891 916 1939 ferociam
944 1905 1004 1939 vero
1024 1892 1154 1939 Barbaro·

60 1967 179 2016 incensus
202 1975 353 2031 captusque,
374 1972 399 2019 in
419 1972 513 2033 prada.
532 1987 588 2034 par·
629 1982 682 2015 rum
696 1968 811 2015 vitiosam
823 1966 838 2024 ;'
856 1976 882 2015 et
890 1967 966 2027 paulo
978 1975 1053 2028 post:
1072 1968 1096 2012 in
1110 1982 1153 2028 po·

62 2048 114 2089 tem
127 2055 182 2089 earn
196 2042 356 2104 depoposcit,
366 2061 423 2108 qua
436 2055 519 2095 tamen
530 2061 588 2109 rap·
628 2049 751 2091 testatem
761 2041 871 2089 hostium
878 2043 1000 2103 Trojanos
1010 2042 1078 2089 vivos
1086 2056 1153 2089 cnm·

61 2115 130 2162 raab
143 2116 222 2177 Aiace
235 2117 310 2165 olleo
322 2128 350 2167 ot
362 2121 452 2169 vitiata
463 2120 551 2169 fuerat
562 2122 587 2169 iu
629 2116 714 2178 plures
734 2116 844 2176 venisse,
861 2115 1015 2164 Acnaeorum
1031 2132 1091 2164 vero
1109 2130 1152 2163 ne-

62 2192 118 2252 ipso
130 2193 256 2240 Minervas
275 2197 380 2257 templo.
415 2198 483 2246 Hine
494 2198 587 2260 Virgit.
629 2192 738 2250 minem;
761 2200 840 2254 atque
857 2191 958 2239 illorum
968 2192 1100 2239 nonnullos
1113 2191 1153 2238 t'u·

62 2266 161 2314 AEneid.
172 2281 202 2315 rt.
216 2272 288 2317 till.l
299 2272 367 2319 Ecce
380 2274 588 2336 tralrebaturpas·
628 2268 677 2315 isse
689 2266 804 2315 lrostibua
813 2268 953 2328 conplices,
966 2273 994 2313 ut
1006 2265 1153 2323 Adrastum,

62 2343 97 2389 sis
110 2343 242 2391 Priameia
256 2346 326 2407 virgo
336 2348 455 2397 Crinibus
465 2364 480 2397 a
492 2350 589 2411 templo
630 2343 775 2392 Antimachi
797 2342 872 2402 filim,
891 2343 1042 2404 Lyc⁸0neltu
1060 2342 1153 2402 ipsum·

63 2419 206 2467 Cassaudra
218 2421 353 2484 adytisque
367 2425 511 2475 Minerva)
530 2428 589 2474 Dic·
629 2433 678 2481 que
698 2417 847 2477 Hiemem»
866 2418 908 2480 ‘lUi
922 2417 1045 2464 A‘PPPP
1063 2417 1095 2464 ‘¹²
1113 2431 1152 2464 ⁸⁹·

64 2503 105 2553 tys
129 2496 261 2543 Cretensis
285 2498 330 2544 tib.
353 2513 378 2546 v,
402 2500 536 2547 ‘Priamus
557 2501 588 2547 ad
631 2493 876 2554 pulturuexorarit:
897 2493 983 2540 lrorum
1002 2506 1061 2539 vero
1077 2494 1154 2540 nerui·

64 2582 134 2615 aram
156 2571 229 2618 ,loris
252 2571 378 2632 confugit,
400 2575 544 2624 Cassandra
564 2578 589 2625 in
630 2582 704 2614 nem:
723 2568 809 2628 ‘quod
830 2567 998 2614 Burbnrorum
1012 2567 1046 2613 sit
1057 2568 1154 2628 suppli·

64 2642 146 2690 adem
160 2643 294 2704 Minerva,
313 2648 435 2709 multique
447 2651 478 2697 ad
492 2652 590 2713 reliqua
630 2656 685 2688 cem
699 2656 755 2688 ⁰⁸³0
767 2643 793 2688 5¹¹
811 2640 979 2701 ⁰⁰¹¹ffi⁰iib¹¹⁸i
998 2651 1024 2690 <¹¹
1043 2643 1155 2689 Sumfflii·

64 2718 178 2765 Deorum
187 2720 280 2780 templa
291 2724 472 2772 ....Cetorum
484 2727 590 2773 causan.
631 2727 687 2766 tere
706 2733 733 2765 se
755 2719 787 2764 ad
807 2718 895 2778 pedes,
907 2719 1055 2766 Graeorum
1069 2727 1154 2767 autent

64 2794 136 2838 drani
156 2792 222 2853 Ajax
243 2793 312 2841 Oilei
333 2809 347 2842 e
370 2810 445 2843 sacro
466 2798 589 2847 Minerva
631 2793 731 2841 vincere
745 2792 907 2840 dimicantem
927 2801 971 2840 aut
988 2794 1155 2848 occumbere:

65 2866 193 2925 captivam
203 2868 334 2916 abutatur.
406 2871 589 2933 Agamemnoni
630 2872 678 2916 &a
712 2869 803 2932 ltaque
817 2884 864 2915 vox
878 2869 1001 2915 Barbarus
1020 2868 1155 2930 aliquando

66 2940 210 2989 Cassandra
221 2941 306 3001 datur,
326 2954 460 3008 postquam
473 2949 526 3008 ejus
539 2948 590 2997 for.
631 2942 691 2990 nilril
709 2942 776 2989 aliud
796 2950 869 2989 sonat
888 2957 961 3002 quam
978 2951 1114 2989 extraneus
1128 2951 1154 2990 et

66 3029 107 3061 ma
130 3025 229 3076 eaptus,
250 3018 310 3080 qrrin
333 3021 415 3080 palam
436 3021 590 3071 desiderium
632 3017 791 3078 peregrinum
825 3015 891 3062 Vide
917 3014 1029 3062 Tllisseb·
1054 3028 1093 3062 rx.
1115 3021 1154 3064 18-

64 3088 191 3139 fateretur
225 3092 385 3149 dissimulare
420 3099 592 3161 nequiverat)
631 3090 1155 3145 ilbi0'f¹¹⁸c¹¹l·¹·¹l·85·i0r¹)⁸illa.¹⁸⁵·

66 3168 149 3214 Dares
159 3168 214 3228 jant
234 3169 278 3216 cit.
295 3168 383 3231 refert,
399 3173 406 3199 ‘
421 3173 590 3223 Cassandram
632 3175 702 3215 tante
716 3181 765 3228 ope
778 3166 931 3220 barbarica,’
943 3166 975 3213 de
990 3167 1091 3212 Priamo
1102 3181 1156 3227 retr·

66 3243 187 3291 mediocri
199 3252 307 3303 statura,
316 3260 358 3291 ore
370 3248 489 3305 rotundo,
500 3248 590 3308 rusam,
632 3260 664 3292 no
680 3245 808 3306 Phrygum
825 3243 933 3292 florente
946 3245 1010 3292 bene
1031 3244 1155 3307 iuterpre-

67 3319 145 3365 oeulis
167 3319 328 3374 uticentibus,
353 3318 497 3368 futurorum
526 3339 590 3384 pras·
632 3325 770 3376 tatur,&c.

66 3394 144 3440 sciam
157 3395 171 3436 :’
187 3402 213 3439 et
227 3394 302 3453 paulo
321 3403 388 3453 post,
405 3397 592 3457 ‘Agamemno-
667 3399 695 3440 to
715 3396 824 3441 Titianam
846 3394 945 3454 uictore]
969 3397 1118 3457 Quanquam
1142 3410 1156 3441 a

67 3480 123 3514 nem
137 3468 193 3513 allio
206 3482 323 3528 corpore,
336 3483 463 3531 maguum,
473 3474 591 3521 membris
634 3472 728 3518 Paride
736 3473 789 3533 jam
803 3471 954 3520 interfectus
967 3482 1023 3520 erat
1036 3474 1156 3529 Aclriller,

68 3541 591 3608 valentibus,facundum,prudentem‚no·
633 3554 768 3608 antequam
780 3547 859 3607 Troja
877 3556 1022 3609 caperetur,
1038 3549 1058 3593 is
1073 3555 1155 3593 tamen

69 3619 162 3665 bilem!
634 3629 703 3668 recte
728 3623 809 3670 victor
832 3622 935 3681 dicitur,
954 3624 1008 3668 sine
1028 3636 1076 3682 quo
1100 3621 1154 3678 ruiti

100 3698 115 3740 9
134 3691 249 3738 Barbare
259 3698 378 3753 postquam
390 3695 491 3743 cecidere
502 3701 593 3756 turrnae,
634 3711 683 3743 non
707 3698 841 3758 potuisset,
863 3697 897 3743 its
920 3697 1064 3744 volentibus
1087 3695 1155 3741 t'atis.

68 3766 119 3827 dre]
138 3768 203 3813 Post
217 3767 297 3814 victos
318 3784 347 3814 ac
369 3768 516 3830 profligatos
529 3772 592 3817 'l'ro-
633 3772 699 3819 Vide
714 3787 731 3820 1.
743 3774 794 3820 Ori.
806 3777 844 3820 15.
857 3774 881 3819 in
896 3772 954 3820 fine.

66 3844 142 3901 janos
160 3842 193 3888 aii
213 3844 328 3890 exerciur
343 3844 502 3904 Graecorum,
514 3845 592 3892 mari·
665 3848 778 3894 Adenrlus
795 3848 885 3895 lleclur
899 3848 1007 3894 Tradidit
1013 3843 1094 3902 sessis,
1104 3845 1156 3905 dm]

71 3930 110 3961 me
128 3933 188 3964 veru
208 3918 239 3964 ab
253 3919 354 3966 Acirille
373 3934 386 3966 e
406 3921 513 3982 Laryssa
531 3920 593 3967 urbe
634 3922 775 3982 Postquam
789 3922 821 3969 ab
836 3922 934 3969 Achille
946 3928 1074 3982 peremtus
1088 3919 1156 3966 Hec-

70 3987 208 4037 'l‘lressnlim
221 3995 336 4040 oriundo.
636 4003 684 4048 lor.
695 3998 809 4059 adeoque
822 3997 937 4057 'l'rujuuis
950 3993 1065 4039 ademtus
1078 3993 1157 4039 ueluti

100 4061 226 4124 uariam]
239 4068 294 4116 Hoc
303 4070 569 4118 norninevocnlrantur
581 4084 595 4117 a
637 4086 695 4120 suus
707 4074 821 4134 clypeus,
833 4074 875 4135 qui
885 4071 951 4119 solus
965 4070 1056 4118 rubore
1069 4084 1098 4116 ac
1109 4069 1156 4116 vir·-
