2408 4200
346 287 350 296 ‚
394 269 601 325 ceauruuu
628 268 699 317 ιιιι.
723 269 749 316 ι.
771 251 825 315 38.

190 414 287 479 Mitte
303 413 435 489 sectari,
450 431 611 494 rosaque
626 411 775 475 locorum

447 512 529 578 Sera
542 517 694 575 moretur.

63 730 144 778 omitte
156 731 302 793 perscrutari
311 731 392 793 quibes
402 733 429 780 ia
439 729 573 793 regionibus
581 729 669 776 durni
680 741 741 775 rora
752 728 870 776 serotina.
904 725 1018 788 Inprimis
1028 727 1118 787 iudeo,
1129 737 1159 772 ns

552 919 661 971 NO'l'AE

62 1067 210 1116 succrescit·
243 1067 302 1116 Hac
322 1067 463 1115 utebantur
479 1071 533 1114 tum
554 1063 587 1111 sd
622 1063 701 1124 jobet
712 1076 744 1111 ex
756 1061 938 1118 Archestrato‚
957 1061 1105 1121 ‘perpetuo
1117 1074 1158 1109 co·

62 1142 202 1192 nectendus
223 1139 309 1203 flores,
329 1149 382 1190 tum
401 1141 433 1189 ad
453 1139 588 1187 lemniscos
629 1138 697 1186 rouia
717 1137 785 1185 inter
805 1150 903 1183 coenum
922 1143 1001 1198 caput
1017 1134 1158 1186 omnifariis

60 1215 253 1280 appendendos.
287 1210 589 1264 Pua.xvr.1a.‘1nter
629 1209 758 1260 redimiri!
791 1209 842 1258 Sed
864 1215 948 1259 ηδ.
967 1222 999 1255 ex
1014 1209 1156 1260 Aristotele

61 1292 182 1339 corticem
206 1298 234 1339 et
254 1291 351 1351 lignum
374 1297 464 1338 tenues
487 1287 591 1347 tunice,
630 1293 657 1335 et
669 1285 797 1340 Aristone,
817 1283 941 1334 affirmat:
959 1284 1103 1349 ‘Autiquns
1122 1287 1157 1334 ob

60 1364 199 1426 multiplici
218 1364 376 1423 membrana,
393 1377 408 1410 e
426 1362 517 1425 quibus
536 1361 590 1409 vin·
629 1361 887 1424 capirisgravitstern
900 1369 927 1409 et
942 1360 1055 1408 dolorem
1074 1375 1089 1408 a
1106 1361 1158 1411 vini

61 1438 119 1485 culs
137 1438 200 1486 sitias
218 1444 357 1486 uocantur:
376 1437 532 1486 tenuissime
548 1450 590 1485 ea·
630 1446 693 1501 potu
715 1439 845 1487 vinculum
872 1438 1031 1500 temporibus
1052 1437 1159 1486 adhibu-

62 1525 115 1559 rum
125 1511 244 1573 philyrae‚
253 1526 403 1560 coronarum
412 1513 539 1561 lemniscis
547 1511 590 1561 ce·
630 1516 690 1571 isse.
712 1515 780 1578 quod
804 1529 860 1562 earn
879 1515 1016 1577 ligaturam
1034 1515 1159 1578 prodesse

61 1587 327 1648 lebres‚antiquorum
339 1586 451 1635 honore.'
482 1587 587 1636 Etxxr.
629 1590 784 1639 crederent:
802 1598 918 1653 posteros
939 1597 1035 1652 autem,
1052 1597 1158 1650 ornatus

62 1661 308 1721 efferres-unisse,
319 1661 413 1723 prirnns
424 1670 532 1723 argento
544 1678 588 1711 ou·
629 1676 656 1715 et
678 1666 862 1716 oblectamenti
886 1665 979 1726 gratis,
1004 1679 1110 1714 coronas
1132 1666 1157 1713 in

62 1749 141 1799 reque
153 1735 215 1784 folia
230 1737 355 1797 imitatur,
374 1737 441 1785 ludis
452 1739 504 1786 suis
515 1752 588 1788 coro·
629 1740 1087 1803 compotationibusexcogitassslsst
1096 1754 1157 1801 pau·

61 1825 106 1859 uas
118 1811 199 1861 dedit.
232 1812 406 1862 decesserunt
421 1821 448 1861 et
463 1814 587 1874 lemnisci,
629 1817 654 1864 lo
675 1825 743 1878 post,
762 1817 814 1864 ait:
832 1815 945 1877 ‘eapitis
965 1814 1046 1862 dolori
1065 1813 1157 1862 florum

61 1900 125 1949 quos
137 1886 214 1947 adjici
223 1887 336 1948 ipsamm
345 1902 497 1935 coronarum
509 1887 588 1937 honos
629 1891 763 1941 fasciculos
775 1906 806 1939 ac
827 1900 898 1938 serra
917 1887 1015 1936 mederi
1031 1903 1076 1936 suo
1088 1902 1157 1936 com.

61 1966 118 2009 erat
129 1994 136 2008 .
149 1995 155 2009 .
168 1994 175 2007 .
187 1960 309 2009 Claudios
331 1961 444 2010 Pulcher
467 1961 589 2011 broetear
630 1981 719 2029 pressu
731 1973 758 2014 et
768 1963 887 2013 viuculo'
921 1962 990 2010 Plio.
1002 1966 1093 2010 xxm.
1101 1963 1157 2024 jam

62 2036 139 2083 etism
158 2034 265 2097 philyrae
284 2034 375 2084 aedit!
409 2035 502 2098 Augei.
519 2038 589 2086 Poli-
629 2042 675 2088 eit.
688 2040 725 2088 ric
736 2041 832 2090 hebet:
851 2037 944 2100 ‘Apud
957 2037 1063 2085 Graecos
1075 2035 1108 2082 de
1116 2050 1158 2083 co·

63 2109 126 2157 tian.
149 2109 260 2157 Miscell.
281 2125 339 2171 cap.
361 2113 402 2158 12.
425 2112 462 2160 ita
482 2112 588 2161 scribitz
630 2116 698 2165 ronis
720 2116 847 2176 scripsere
865 2113 1016 2161 Mnestheus
1034 2119 1062 2158 et
1081 2110 1159 2159 ealli-

62 2184 194 2247 ⁴Philyrae
216 2199 276 2233 usus
299 2185 458 2248 percelebris
481 2188 540 2237 olim
563 2190 590 2236 in
630 2186 1158 2252 mochusllledici,quaenocerenreapiti:

62 2260 181 2307 texendis
204 2260 322 2309 coronis:
346 2275 361 2309 e
383 2262 490 2326 philyris
510 2263 589 2311 etiarn
631 2265 751 2329 quonism
770 2272 798 2312 et
817 2263 902 2311 inhoe
914 2251 953 2311 est
965 2262 1160 2326 aliquavaletu·

62 2332 158 2383 fiebant
180 2336 305 2398 lemnisci,
324 2335 350 2385 id
373 2343 423 2394 ert,
442 2336 589 2387 tssciolree
630 2339 697 2388 dinis
720 2338 823 2400 portio;
841 2337 867 2386 in
890 2343 954 2400 potu
976 2345 1055 2401 etque
1075 2336 1160 2385 hilari·

63 2412 162 2458 coronis
173 2411 311 2473 pendula:
630 2421 685 2463 tate
696 2412 838 2477 precipue,
849 2412 957 2462 odorum
970 2413 994 2459 vi
1006 2417 1159 2473 surrepente

96 2486 206 2547 Omana]
235 2489 286 2536 lle
306 2487 402 2537 fiebant
422 2502 436 2536 c
455 2486 591 2536 frondibus
630 2488 778 2551 sollicitius
789 2493 840 2539 dcc.
852 2489 895 2538 ubi
905 2489 981 2537 etiam
992 2486 1073 2538 refert
1084 2488 1159 2537 Clee-

61 2559 331 2623 scdoribushederae,
348 2577 423 2625 rose,
438 2562 591 2623 rioloe‚lau·
632 2573 731 2626 parram
753 2581 800 2628 per
821 2567 898 2616 illitas
925 2580 1024 2616 veneno
1050 2579 1159 2615 coronas

63 2637 94 2696 ri,
115 2636 170 2690 lilii,
190 2638 307 2693 narcissi,
326 2639 413 2702 myrti,
432 2641 479 2686 &c
499 2637 591 2701 triaque
631 2639 746 2689 Antonio
767 2642 921 2691 insidiatum.
962 2643 1003 2691 Ειι
1024 2642 1075 2691 illis
1097 2654 1159 2690 rere

62 2711 156 2760 discuti
169 2712 332 2771 ebrietatem,
347 2723 374 2762 et
386 2713 479 2773 capitis
489 2711 592 2759 dolores
632 2728 690 2779 qnae
702 2724 762 2765 ante
778 2717 848 2766 dicta
865 2725 936 2777 sunt,
952 2717 1031 2767 Ouid.
1051 2717 1121 2764 Fast.
1132 2729 1159 2764 v.

63 2786 217 2849 credebant,
227 2802 271 2835 seu
284 2786 492 2849 constringendo,
499 2800 543 2836 seu
551 2800 592 2834 re·
632 2795 688 2839 837.
698 2791 735 2840 ita
747 2795 833 2842 canit:
851 2795 962 2841 ‘Ebrius
972 2791 1093 2840 incinctis
1105 2789 1160 2852 phi.

62 2860 216 2922 frigerando.
251 2863 385 2912 Plutarch.
406 2862 525 2926 Sympos.
549 2875 591 2913 ιιι.
631 2867 685 2931 lyra
708 2869 815 2916 conviva
832 2867 933 2928 capillis
955 2865 1049 2922 saltat,
1067 2873 1095 2915 et
1114 2865 1161 2914 ia·

65 2942 87 2986 1.
105 2938 165 2988 ‘Aa
181 2941 251 2989 iuter
267 2940 408 3004 potandum
424 2941 525 2990 coronis
545 2936 590 2988 tlo-
631 2942 743 3007 prudens
756 2943 836 2989 uritur
850 2951 904 2988 arte
916 2939 998 2989 meri!

62 3013 112 3060 reis
135 3030 165 3063 ac
182 3016 260 3064 sertis
281 3017 405 3064 utendum
423 3016 475 3078 sit,’
503 3015 590 3064 multis
663 3016 771 3062 tMitte
787 3016 882 3068 sectori,
903 3029 957 3060 roso
977 3030 1031 3073 quo,
1047 3014 1099 3073 tre]
1118 3015 1160 3063 Ne

63 3085 194 3146 disputat:
213 3092 251 3136 ait
271 3104 340 3144 vero.
356 3089 480 3136 ‘Hedera
497 3101 591 3147 crapu-
631 3088 734 3134 labores
746 3085 778 3130 ad
791 3084 983 3141 investigandas
1000 3097 1068 3130 rosas
1085 3092 1161 3134 extra

64 3163 114 3209 larn
137 3162 261 3222 restingui
344 3160 492 3219 amethysto
513 3158 595 3204 herba
633 3166 746 3218 tempus,
765 3155 921 3203 texendasvc
939 3167 954 3200 e
970 3154 1034 3202 raris
1055 3153 1160 3208 duribus

65 3238 133 3283 sicut
148 3241 175 3282 et
186 3247 287 3294 gemma
305 3232 471 3279 vinolentiam
490 3229 594 3278 retundi
635 3243 752 3278 coronas.
787 3228 881 3278 Athen.
894 3228 938 3277 cit.
948 3228 974 3277 iu
988 3231 1111 3279 conuiuiis
1124 3247 1162 3281 ro·

66 3309 211 3358 ...vinum
223 3306 359 3371 siquando
379 3314 459 3368 caput
477 3312 594 3354 tentave-
635 3320 691 3353 reas
714 3319 822 3355 coronas
844 3305 1016 3356 commendat.
1051 3306 1085 3357 At
1107 3322 1162 3369 eas,

64 3386 108 3445 rit,
118 3382 210 3431 florum
222 3397 307 3431 aurum
319 3381 445 3442 auxiliari,
455 3389 482 3430 et
494 3380 594 3429 munire
634 3394 691 3430 curu
700 3391 791 3430 natora
798 3391 886 3445 neget,
896 3382 1024 3431 luxuriose
1031 3390 1161 3432 sectantes

66 3460 187 3508 aduersus
211 3459 357 3521 crapulam
378 3473 410 3507 eo
431 3459 499 3522 quod
516 3454 593 3505 flores
634 3457 671 3505 ita
687 3457 793 3521 corripit
805 3458 904 3507 Seneca
916 3459 999 3522 Epist.
1012 3462 1068 3507 122.
1081 3473 1113 3506 an
1125 3458 1161 3505 vi-

65 3536 142 3584 calidi
173 3535 266 3582 leuiter
295 3535 450 3595 spiramenta
477 3535 593 3582 laxantes
633 3541 933 3593 vuntcontranaturam‚
945 3536 989 3599 qui
1000 3536 1090 3597 hyeme
1102 3548 1161 3583 cou-

65 3611 223 3674 spiraculum
247 3609 306 3656 vino
336 3614 477 3669 praertant:
504 3607 592 3670 frigidi
633 3614 769 3676 cupiaeunt
787 3616 885 3661 rosam?
919 3612 1016 3674 Ecqui
1039 3625 1161 3674 aquarum

67 3704 126 3737 vero
136 3687 237 3736 modice
252 3684 405 3747 stringendo
416 3684 544 3746 repellunt
555 3684 593 3731 in·
633 3686 747 3736 seniento
760 3689 909 3747 calentium,
929 3695 957 3734 et
974 3687 1087 3735 calorum
1100 3695 1162 3749 epta

65 3765 206 3828 bibentque
226 3761 435 3823 evaporationes:
454 3773 503 3807 ceu
520 3758 594 3821 viola,
632 3765 775 3813 mittatione
796 3763 850 3826 (vel
870 3763 964 3825 potius,
987 3762 1165 3823 ‘imitatione'

67 3848 93 3889 et
111 3857 205 3891 corona
225 3854 257 3886 ex
278 3837 358 3897 rosis‚'
378 3841 427 3886 dre.
461 3837 495 3886 Et
511 3850 542 3884 ex
554 3837 593 3884 his
633 3840 659 3887 id
682 3846 731 3898 ert,
754 3838 878 3887 imitando
903 3836 1017 3883 calorem
1036 3837 1162 3898 aestivum,

69 3917 174 3980 aliisque
186 3916 284 3965 ibidem
302 3913 476 3976 compluribus
489 3913 593 3961 conclu·
634 3915 676 3978 qni
698 3929 713 3960 a
737 3919 897 3968 uetuisset,
919 3923 952 3956 err
975 3907 1063 3968 Lipsio
1085 3912 1161 3974 ibid.)

69 3989 117 4047 dit,
127 3994 226 4040 coronis
244 3990 330 4039 floreis
350 3990 417 4036 inter
434 3989 593 4049 poculeusoa
634 3989 724 4038 bruma
747 3987 825 4034 lilium
844 3984 932 4033 florem
954 3996 1058 4036 vernum
1076 3991 1161 4053 expri-

71 4073 206 4127 propterca
227 4078 340 4116 veteres.
375 4064 469 4113 Athen.
491 4076 534 4112 ιιι.
553 4067 593 4110 21.
634 4064 727 4111 munt?
