2408 4200
398 242 448 290 AD
471 241 678 291 cunutumt
702 240 776 289 uin.
800 242 826 288 l.

422 477 679 544 EXGURSUS
718 478 788 544 111.

519 638 570 688 un
588 638 648 689 on.
664 640 698 688 x.

463 799 512 846 nn
536 778 747 846 nu'nouuro.

62 947 126 996 Non
141 953 183 996 ent
199 945 306 1002 unimur,
319 945 419 1009 nequis
430 951 510 1006 erret,
521 957 641 992 enarrem
657 943 707 992 lroc
726 944 785 993 loco
801 958 900 994 omnem
917 946 950 996 de
961 947 1095 997 Mercurio
1113 948 1151 999 {e-

60 1025 162 1086 bnlcm3
178 1039 234 1073 num
247 1039 279 1072 ee
289 1025 345 1086 lpse
358 1024 449 1086 purtim
462 1023 523 1071 setis
533 1028 575 1070 est
585 1028 657 1080 note,
668 1023 762 1084 partlm
775 1025 830 1084 peti
843 1025 946 1076 cliuude
959 1034 1052 1090 potent.
1085 1030 1152 1079 Con.

60 1105 178 1153 stitutum
189 1103 274 1166 potius
285 1110 334 1163 est,
344 1116 422 1164 snper
432 1101 564 1149 Mercurio
576 1099 755 1161 philosophari,
766 1101 788 1149 ei
799 1102 901 1166 quidem
914 1106 950 1153 uti
962 1113 1014 1154 tem
1023 1109 1154 1170 errognnti

61 1183 268 1243 recensionem,
278 1183 296 1230 l.
309 1196 333 1230 e.
345 1180 413 1230 nude
424 1180 512 1229 doctus
525 1179 585 1239 sint,
603 1192 667 1242 quus
680 1178 711 1227 ds
722 1194 754 1229 eo
764 1183 945 1245 concepissent
956 1193 1064 1247 veteres,
1075 1187 1151 1250 iden,

59 1263 191 1326 suspicari,
202 1270 290 1326 etque,
301 1261 370 1310 nude
382 1261 418 1309 illi
430 1266 471 1309 tot
488 1272 592 1308 munere
602 1259 664 1318 siut,
674 1269 704 1308 nt
717 1262 830 1310 omnium
842 1263 954 1313 Deorum
974 1266 1085 1315 menime
1101 1267 1154 1315 din·

61 1348 159 1391 tructus
169 1342 205 1391 sit
219 1341 369 1389 ministeriis
379 1339 443 1405 (vid.
456 1340 562 1388 Lucien.
573 1338 641 1387 Diui.
658 1340 738 1388 Deor.
750 1341 849 1403 nin),
862 1341 1026 1406 investigere.
1060 1345 1152 1410 Neque

59 1434 131 1479 nero,
141 1420 189 1468 nisi
207 1420 239 1469 de
251 1418 348 1468 Groeco
364 1427 392 1468 et
408 1420 525 1467 Romuno
540 1416 679 1479 Mercurio,
689 1418 833 1480 loquemur,
843 1420 924 1468 missin
940 1436 1019 1485 super
1031 1422 1150 1487 AEgyptto

59 1499 149 1547 litibus
161 1505 189 1547 et
199 1498 361 1561 opinionibus
379 1497 555 1557 eruditorum
571 1497 639 1561 quod
657 1497 735 1545 istum
754 1499 879 1560 inprimis,
891 1514 948 1549 cnm
965 1501 1041 1564 hujus
1054 1503 1152 1554 curmi-

61 1579 111 1640 uls,
123 1578 177 1628 tuni
188 1579 295 1628 eliorum
307 1578 332 1626 iu
346 1577 434 1627 Poetis
453 1577 564 1628 Grecin
575 1583 604 1626 et
625 1577 694 1625 Lutii
706 1577 818 1626 locorum
829 1592 915 1639 censu,
925 1594 1000 1629 nosse
1012 1581 1152 1633 debemur:

62 1672 215 1722 quenquam,
227 1665 256 1706 nt
268 1658 297 1706 fit
316 1657 342 1705 in
359 1657 530 1720 Mythologin,
547 1655 674 1706 ettrilrnte
692 1657 800 1718 plurime
818 1657 943 1722 AEgyptii,
961 1661 1016 1709 sive
1034 1661 1055 1710 is
1072 1660 1153 1712 fnerlt

61 1737 152 1798 Tlroth
164 1739 218 1786 sire
231 1736 340 1797 Anubis,
350 1736 454 1787 Grecie
465 1744 493 1786 et
505 1738 587 1786 Roma
598 1736 724 1785 derivarit
735 1737 760 1784 iu
773 1750 855 1786 suum.

92 1817 245 1870 Mercurius.
257 1816 379 1864 eximium
393 1816 507 1878 entique
525 1814 666 1878 snpientia
683 1814 865 1876 mythologice
883 1817 1039 1878 exemplum,
1050 1819 1152 1881 symbo.

62 1897 114 1944 lum
125 1894 191 1942 hund
203 1893 281 1942 dubie
291 1892 341 1941 tuit
351 1894 394 1941 roi
409 1892 497 1954 Λάγον,
505 1894 530 1941 h.
542 1907 565 1943 e.
575 1899 604 1942 et
617 1892 728 1941 Rationis
739 1893 889 1956 mentisque,
899 1894 955 1956 (roi
965 1893 1039 1957 riou),
1048 1905 1084 1957 ct,
1094 1913 1151 1960 qum

62 1974 117 2022 sine
136 1979 223 2021 mente
236 1986 294 2021 esse
317 1985 367 2019 uon
387 1978 482 2034 potent,
497 1972 638 2029 Orationis3
655 1979 682 2020 et
701 1973 739 2020 sic
757 1984 843 2019 eorum
856 1974 967 2033 omniuo,
979 1973 1070 2038 quibus
1089 1990 1154 2037 pree·

63 2058 134 2100 stent
144 2050 225 2099 brutis
237 2049 410 2099 minuentibus
422 2051 543 2099 homiues.
577 2052 617 2099 Ex
629 2050 677 2099 lrec
690 2050 757 2112 iden,
770 2060 797 2098 nt
807 2051 863 2100 fieri
875 2052 949 2113 nolet,
959 2054 1042 2101 omnin
1050 2054 1154 2102 Mercu·

63 2133 95 2180 rii
107 2131 245 2193 attribute,
253 2145 330 2179 onum
342 2144 376 2179 en
387 2130 480 2192 altero,
490 2129 628 2180 fluxerunt.
660 2131 726 2179 Nem
739 2130 856 2192 primum,
866 2145 924 2180 cum
936 2132 1073 2181 crederent
1084 2142 1154 2181 vete·

64 2225 114 2273 rec,
124 2218 234 2260 mentem
254 2211 385 2259 inmunem
397 2225 454 2260 esse
466 2225 498 2259 en
510 2212 594 2260 eninm
605 2226 627 2259 s.
641 2224 717 2259 sensu
729 2211 815 2258 mnndi
825 2212 976 2273 decerptum
991 2213 1154 2275 porticulum,

64 2297 90 2339 et
102 2291 139 2340 slc
151 2297 280 2339 exortura
291 2289 377 2338 divine
385 2292 457 2339 uelut
466 2304 600 2339 emencsse
609 2289 674 2354 (rid.
687 2290 728 2337 lll.
738 2289 823 2351 lleyn.
834 2290 899 2339 Exc.
909 2303 973 2340 xrn.
982 2292 1013 2339 ud
1023 2290 1079 2340 AEu.
1090 2291 1155 2354 vr.);

63 2384 121 2418 corn
138 2371 321 2432 intelligerent,
332 2377 456 2435 quantum
474 2384 601 2433 quumque
620 2371 751 2419 excelsum
770 2375 836 2418 esset
847 2367 1086 2430 ndyorbeneficium
1104 2370 1155 2418 sibi

64 2465 80 2498 e
96 2451 155 2499 Diis
172 2450 357 2499 immortalium
376 2450 513 2509 tributum,
525 2449 597 2510 cnjus
614 2463 663 2511 ope
679 2449 751 2499 docti
767 2456 854 2499 essent
869 2456 897 2498 et
916 2450 1058 2512 supienter,
1076 2450 1153 2500 Artes

63 2543 94 2577 cc
104 2529 230 2578 scientius
241 2529 403 2590 indagorent,
415 2525 627 2592 profundissimae
636 2540 676 2574 res
687 2514 881 2591 investigarent,
894 2529 1052 2592 Religionem
1066 2531 1153 2579 nolun-

64 2614 195 2671 tetemqne
207 2609 322 2657 Deorum
338 2614 533 2668 cognoscerent,
543 2619 601 2652 cum
622 2604 678 2665 ipso
689 2605 754 2653 coelo
766 2608 944 2656 commercium
955 2609 1090 2670 lrnberent,
1101 2623 1154 2657 me·

63 2686 151 2735 liorem
164 2695 191 2735 et
202 2687 374 2734 husmuuiocem
387 2685 482 2732 cultum
494 2683 588 2731 sennim
600 2683 763 2745 occipercu13
780 2684 856 2736 lecile
867 2687 965 2737 sectum
977 2698 1027 2748 est,
1039 2698 1067 2735 ut
1085 2690 1154 2737 Mer·

64 2766 150 2814 curius
162 2769 170 2792 ⁶
183 2767 297 2813 Deorum
310 2763 415 2813 Nonrii'
426 2770 453 2811 et
465 2764 536 2826 qnasi
547 2761 644 2822 μεσίτου
655 2765 722 2814 inter
732 2768 822 2816 coelum
835 2775 984 2829 turremque
995 2782 1101 2817 munere
1113 2783 1153 2817 or·

63 2851 217 2903 ceretanus
235 2844 383 2906 religionem
400 2849 428 2891 et
444 2841 571 2892 sacrificiu
587 2845 748 2895 constituisse
767 2848 897 2896 «liceretur
913 2846 977 2911 (rid.
992 2847 1074 2897 Oisel.
1090 2848 1154 2900 nab.

63 2937 145 2975 cxxv.
157 2940 182 2975 n.
197 2923 450 2987 1⁰.1u.),reperisse
467 2923 546 2973 Artes
559 2930 586 2972 et
603 2925 732 2973 scientius
747 2925 877 2983 plurimun,
895 2926 1032 2989 Metluesin,
1043 2927 1154 2975 Geome-

64 3006 147 3064 trlem,
157 3005 347 3053 Astrounmium
357 3004 422 3065 (uid.
434 3004 510 3053 Diod.
521 3004 574 3050 Sic.
587 3002 629 3050 lib.
639 3015 658 3047 ι.
669 3016 695 3060 p.
706 3004 744 3047 tt.
757 2999 819 3056 lm),
834 3000 903 3044 omnt
919 2999 1030 3060 deniqne
1042 3003 1154 3048 humeni-

64 3084 126 3132 tetis
137 3085 273 3143 elegeniiae
294 3094 407 3142 preesse
419 3081 582 3136 crederetur,
591 3085 618 3123 et
630 3079 662 3122 nb
678 3075 703 3122 id
716 3076 799 3135 iprum
812 3074 917 3135 pulchre
927 3073 984 3122 t'ere
1000 3090 1031 3124 nc
1044 3077 1155 3138 juvenili

64 3162 149 3210 forme
169 3161 194 3206 lu
209 3157 380 3205 monumentis
401 3162 481 3203 esset.
515 3153 699 3200 Memoroudne
714 3151 739 3200 lr.
756 3154 773 3201 l.
784 3152 900 3214 inprimis
918 3153 996 3202 etiem
1013 3156 1083 3204 locun
1095 3156 1156 3205 Am·

64 3241 142 3290 mian.
155 3237 272 3287 Marcell.
285 3244 345 3282 xvi.
364 3237 402 3281 1⁰.
417 3232 431 3259 ⁴⁴
447 3231 569 3282 Julianus
630 3231 731 3279 occulte
744 3229 877 3281 Mercurio
893 3233 1055 3295 conplicubet
1064 3234 1154 3300 (qoem

65 3319 154 3369 mundi
166 3317 319 3365 velociorem
336 3327 440 3362 censum
457 3326 524 3374 esse,
541 3317 637 3360 motum
657 3313 780 3362 mentium
797 3312 972 3377 suscitantem,
987 3315 1154 3379 <Tbeologicte

11 3411 16 3421 ⁴
66 3398 204 3464 prodidere
215 3392 373 3456 Doctriuce);
436 3399 561 3456 postque
571 3391 689 3440 uterdne
699 3392 803 3441 etserie
813 3393 958 3457 terminate,
968 3395 1000 3444 ed
1011 3396 1155 3459 procuden-

65 3483 126 3530 dum
137 3477 267 3539 ingenium
279 3475 441 3531 vertebatur:
451 3477 499 3523 &c

98 3556 201 3607 Deinde
213 3555 319 3615 entique
331 3559 357 3600 ct
370 3553 505 3601 admodum
522 3552 696 3616 philosophice
709 3552 849 3603 truditione
861 3555 981 3619 Doquelse
993 3569 1012 3603 s.
1023 3555 1154 3604 Sermonis

67 3652 115 3702 ope
127 3637 225 3687 exculti
237 3649 267 3683 uc
279 3633 382 3682 formati
395 3632 471 3695 princi
489 3632 602 3680 nominee
618 3632 768 3682 creduntur.
802 3633 858 3681 Cic.
869 3633 901 3682 de
921 3632 997 3681 Oret.
1009 3631 1028 3683 1ss
1039 3638 1063 3682 8.
1098 3638 1104 3660 ‘
1118 3634 1155 3683 Ut

69 3734 126 3767 reru
133 3719 187 3782 jum
200 3716 232 3765 ed
244 3715 289 3763 illu
303 3728 399 3761 numme
412 3713 552 3772 veniemus,
562 3726 618 3776 ane
630 3713 728 3760 viselle
739 3712 850 3776 (preetor
867 3712 1058 3774 Eloquentiam)
1069 3715 1155 3772 potuit

69 3806 111 3846 cut
122 3799 249 3860 dispersos
262 3794 375 3843 immines
386 3808 463 3842 unum
477 3793 501 3839 ln
512 3793 595 3840 locum
614 3807 778 3854 congregare,
789 3800 833 3840 rut
851 3807 865 3839 u
880 3791 935 3839 fere
946 3792 1092 3852 agrestique
1103 3794 1155 3843 vitu

70 3878 101 3923 ed
114 3879 178 3924 bunc
189 3879 328 3924 lnmrnnum
339 3875 434 3920 cultum
447 3871 597 3935 civilemque
608 3871 736 3920 deducere
745 3869 762 3917 l’
781 3870 867 3918 ridet
881 3870 973 3917 lieret.
985 3883 1004 3918 ι.
1014 3871 1067 3919 Set.
1079 3874 1102 3918 ³.
1112 3878 1153 3924 99,

72 3954 147 4004 Unde
165 3956 325 4016 intelligitur,
335 3956 398 4000 cur‘
411 3950 533 4000 formasse
545 3961 661 4000 necuter
678 3948 810 4008 homines‚’
823 3949 872 3995 illis
891 3961 1042 4009 sermonem,
1051 3959 1087 4013 et,
1098 3955 1152 4018 qui.

72 4034 119 4080 bue
127 4034 170 4081 nic
182 4036 342 4096 exprimitur,
357 4034 446 4082 literes
455 4032 658 4095 scripturnmque
669 4031 782 4088 dedisse,
789 4025 888 4076 feretur
899 4026 1051 4080 Mercurios.

136 4114 221 4175 Delplr.
231 4120 253 4161 ci
267 4114 323 4163 Ver.
332 4115 395 4167 Cius.
576 4109 662 4158 Horat.
1065 4111 1089 4157 Q
