2408 4200
409 285 443 343 Q.
467 285 623 333 ttottnntt
650 287 781 333 FLACCI

223 425 334 488 Poncs
351 425 496 504 lambis;
519 428 590 488 sive
605 425 746 499 damma,

262 526 339 588 Sive
355 526 435 588 mari
449 527 531 589 libet
545 523 702 587 Adriano.

177 625 254 687 Non
271 626 488 708 Dindymene,
502 645 565 688 non
581 625 691 707 adytis
704 625 810 705 quatit

178 724 323 788 Mentem
338 725 551 789 sacerdotum
566 725 675 788 incola
691 723 844 806 Pythius,

221 825 301 888 Non
317 825 537 906 Liberaeque,
553 844 617 888 non
632 832 731 887 acuta

265 926 323 989 Sic
338 927 502 1007 geminant
517 924 719 1008 Corybantes
736 943 813 998 aera,

48 1130 92 1164 cett
102 1120 166 1178 igne,
178 1134 218 1168 cett
229 1121 289 1168 mari
297 1123 373 1182 placet
390 1121 523 1168 Adriatico.
558 1122 608 1169 Nec
621 1120 714 1182 Cybele,
726 1135 768 1168 neo
779 1119 862 1180 Apollo
878 1117 1019 1165 inhabitator
1032 1116 1134 1162 animum

51 1182 231 1245 sacrificatorum
243 1187 269 1232 in
278 1185 432 1233 mmeriiaita
443 1190 629 1239 commarchiae
640 1184 763 1238 Bacchum
779 1197 852 1244 neque
865 1183 1009 1244 Corybantes
1021 1185 1068 1227 tom
1086 1191 1134 1225 crc-

53 1438 173 1486 dSanad.
184 1441 255 1487 lubet.
274 1441 398 1487 Hadriano
408 1441 527 1488 Torreat.
546 1441 633 1488 Benti.
646 1441 754 1502 Cnning.
765 1440 903 1498 Satnlani,
916 1439 1021 1487 Wetzet.
1030 1438 1135 1485 hiitsch.

54 1510 80 1547 et
93 1502 194 1549 Wakef.
229 1504 336 1551 Adriano
352 1506 378 1551 in
396 1503 481 1565 vuigg.
514 1504 581 1551 Vide
601 1503 660 1552 Jov.
679 1505 788 1552 Pomm.
810 1503 842 1551 de
862 1503 1025 1564 Aspiratione
1037 1517 1056 1549 ι.
1075 1500 1135 1548 hta.

53 1564 155 1612 hianut.
173 1567 197 1611 in
216 1566 341 1627 Orthogr.
362 1567 457 1615 Bronk.
478 1565 509 1613 ad
530 1567 583 1614 Pro
604 1572 752 1615 crt.1.tt.l.
772 1574 798 1614 et
815 1567 945 1613 Drakenb.
964 1566 1057 1613 adsit.
1076 1564 1136 1611 ltal.

54 1639 115 1672 vin.
133 1632 238 1675 tas-5
259 1629 312 1675 Ati.
324 1634 348 1676 2.
368 1631 418 1677 Nec
437 1631 471 1678 D.
486 1643 536 1676 nec.
593 1631 627 1677 ib.
639 1631 817 1677 Hemsterhus.
836 1631 905 1689 conj.
917 1631 993 1690 adyti,
1009 1629 1133 1689 probante

52 1688 179 1736 Valcken.
192 1691 223 1737 ad
237 1691 334 1738 Herod.
347 1706 372 1739 v.
385 1697 459 1740 bed
469 1691 523 1740 An.
535 1696 558 1740 2.
570 1693 662 1740 Mentec
671 1695 825 1740 sacerdotnm.
848 1693 974 1739 Sanadon.
987 1693 1060 1752 legit:
1081 1692 1135 1738 h'on

51 1749 123 1797 Liber
133 1767 206 1814 aeque,
217 1768 263 1799 non
274 1770 297 1802 a.
307 1772 328 1815 q.
342 1756 379 1802 M.
391 1770 411 1801 ι.
424 1757 440 1802 ι’.
451 1756 482 1803 P.
500 1757 552 1803 Non
571 1756 729 1818 Dindymene,
748 1771 803 1813 non,
818 1757 858 1815 tro.
875 1757 919 1802 aed
939 1764 1031 1802 contra
1047 1769 1134 1800 omnes

52 1813 128 1861 codd.
139 1826 166 1863 et
179 1816 287 1864 edd—8
305 1816 363 1865 ‘Sic
372 1821 493 1878 germinant
505 1819 608 1881 vulgata
619 1820 713 1877 iectio;
730 1818 775 1866 aed
786 1833 842 1880 qnae
853 1832 952 1865 sensnm
964 1817 1037 1864 vaide
1049 1817 1138 1863 obcen-

51 1884 92 1923 rat
104 1892 134 1924 ac
145 1880 240 1927 turbat.
275 1880 340 1929 Nam
355 1897 391 1929 vs.
403 1886 428 1928 9.
440 1882 473 1929 ob
486 1883 641 1930 antecedens
651 1898 698 1929 non
714 1883 747 1928 cic
765 1884 840 1929 aliter
859 1882 942 1944 accipi
963 1895 1064 1941 prorsus
1085 1894 1135 1927 non

52 1947 149 2002 potest,
167 1957 209 1991 ac:
229 1945 309 1992 tristes
320 1949 345 1991 nt
357 1945 400 1992 iroe
408 1947 531 2005 geminant
541 1960 598 1993 oera.
633 1946 697 1995 Qnae
708 1947 775 1993 enim
785 1959 817 1993 ex
828 1945 920 2006 virgil.
933 1945 990 1993 mn.
1001 1958 1031 1992 ιι.
1042 1947 1098 1992 too.
1112 1957 1136 1988 v.

536 2090 642 2139 NOTAE

84 2203 98 2243 3
119 2198 217 2258 lambis]
235 2201 301 2247 Snnt
318 2203 384 2248 enim
397 2201 503 2250 Iambici
516 2217 571 2250 ver·
647 2205 702 2250 Non
713 2205 791 2265 adytis
803 2205 888 2264 qnatit,
902 2202 954 2262 t5c.]
976 2201 1136 2263 Conglobata

54 2287 95 2318 ans
107 2271 572 2335 admaledicendnmaptissimi.‘Sim
613 2279 802 2338 comparatione
824 2279 867 2322 tra.
885 2278 1070 2323 vehementiam
1092 2292 1135 2323 ex-

52 2357 81 2394 ut
101 2348 204 2395 [anthim
225 2365 256 2396 cx
279 2350 348 2397 brevi
368 2359 395 2400 et
415 2354 490 2412 ionga
512 2368 571 2401 con·
613 2360 728 2412 aggerat.
764 2351 820 2397 Nec
842 2350 947 2411 Cybele,
969 2352 1059 2411 inquit,
1079 2366 1135 2397 snos

52 2433 112 2482 stat,
130 2426 166 2471 ita
185 2427 339 2473 contumelia
351 2440 382 2472 ex
395 2427 572 2488 parvisinitiis
612 2424 777 2483 sacrificulos,
800 2440 847 2471 nec
869 2424 962 2486 Apollo
991 2424 1135 2470 Phoebades

53 2499 83 2542 ad
95 2513 185 2558 ariagne
199 2501 331 2559 procedit.¹
348 2501 439 2549 Saldae
471 2501 571 2562 ’ἰαμβίζ-
613 2500 716 2547 oracula
739 2513 909 2562 responsaque
937 2498 1059 2557 edituros,
1088 2512 1136 2545 nec

52 2588 85 2617 ιιν
111 2573 209 2619 Graecis
233 2583 272 2620 est
300 2577 429 2624 maledictio
454 2579 572 2627 insectari.
612 2574 914 2622 Bacchushlaenadnset
933 2574 1090 2621 bacchantes
1109 2573 1133 2618 in

53 2647 145 2693 Horat.
168 2646 199 2692 ad
223 2648 344 2696 Pisones:
374 2651 571 2700 ‘Archilochum
613 2648 703 2709 Orgiis
723 2657 794 2695 tanto
813 2646 899 2696 inrore
912 2649 1029 2709 implent,
1042 2656 1136 2711 quanto

51 2721 154 2782 proprio
167 2721 249 2768 rabies
261 2727 368 2771 armavit
380 2725 484 2773 lambo!
613 2724 726 2770 irritatus
739 2738 808 2771 amor
820 2735 956 2773 amantem.

83 2795 260 2857 Stationem,
276 2798 332 2845 Stre
351 2802 410 2845 mari
426 2799 494 2860 libel]
513 2801 571 2861 ipse
645 2803 661 2845 b
695 2800 773 2846 Incola
808 2800 917 2862 Pythias]
950 2802 1044 2863 Apollo
1072 2802 1135 2847 Del-

50 2883 121 2915 stium
140 2884 242 2918 carmen
256 2873 408 2921 maledicum
424 2875 526 2921 damnat
538 2875 572 2935 ig·
613 2877 686 2935 phos,
707 2891 763 2936 quae
788 2878 846 2923 nrbs
865 2881 940 2923 etiam
959 2879 1041 2938 Pytho
1059 2877 1136 2932 dicta,

52 2945 86 3001 ni,
104 2944 143 2991 vei
163 2960 237 3005 aqna,
259 2955 286 2993 nt
305 2947 439 3006 placuerit.
473 2949 571 2995 Tibutt.
613 2951 734 3009 incolens,
752 2951 838 3012 ibique
860 2955 989 3012 praecipue
1010 2953 1094 2998 cnltns
1109 2962 1136 2998 et

52 3031 69 3064 1.
81 3021 104 3065 a.
116 3022 155 3069 40.
171 3020 236 3066 ‘Ilia
254 3022 328 3068 veiim
341 3024 431 3084 rapida
442 3024 573 3072 Vulcanus
613 3025 737 3072 celebris:
756 3025 796 3071 vel
818 3027 853 3071 ita
876 3027 959 3073 dictns
980 3042 992 3073 a
1017 3027 1135 3086 Pythone

51 3095 412 3158 carminaflaintnaTorreat3
431 3111 457 3150 et
476 3102 573 3164 liquida
612 3107 734 3160 serpente
756 3098 902 3147 interiecto.
937 3102 978 3147 De
1002 3117 1051 3162 qno
1078 3102 1136 3150 tide

50 3169 135 3218 deleat
148 3174 228 3219 antnis
242 3173 323 3234 antia)
613 3176 730 3222 Macrob.
749 3175 877 3221 Saturnai.
901 3189 919 3222 1.
940 3180 978 3223 lt.
995 3177 1058 3224 coet.
1072 3178 1136 3224 Rho·

82 3250 97 3292 t
115 3247 231 3307 Adriano]
253 3248 411 3307 Synccdoclt.
432 3267 478 3313 pro
495 3254 574 3316 qnoli-
614 3250 738 3312 dig.xv1.
758 3255 797 3298 lb.
822 3252 894 3298 Alex.
913 3252 945 3299 ab
963 3252 1036 3299 Alex.
1055 3267 1093 3301 ιἰ.
1113 3259 1136 3301 2.

51 3321 95 3367 bet
107 3323 178 3368 mnri.
617 3326 708 3386 Incola]
728 3327 852 3384 insessor,
869 3327 989 3374 invadens
1009 3338 1036 3375 et
1049 3327 1136 3375 afflans

84 3402 96 3441 5
117 3396 171 3442 Non
184 3395 339 3458 Dindymene,
349 3400 401 3459 lfa]
415 3399 463 3446 11ae
476 3401 573 3450 deseri·
614 3411 724 3447 mentem
746 3401 848 3458 Pythiae
870 3402 964 3460 tripodi
986 3404 1136 3462 insistentis,

52 3471 89 3518 bit
110 3472 158 3518 tint
176 3480 202 3518 ct
223 3472 410 3532 impotentiam,
429 3474 452 3518 in
466 3488 573 3536 eamque
614 3475 638 3518 in
656 3473 741 3531 adytis
758 3487 786 3519 ac
804 3477 977 3532 permiratibns
995 3479 1092 3539 mnndi,
1110 3488 1137 3526 nt

51 3547 150 3605 cuipam
163 3558 261 3590 omnem
274 3560 342 3591 snam
356 3543 493 3591 transferre
506 3555 572 3593 sata·
613 3554 686 3592 extra
697 3561 724 3591 se
738 3555 821 3608 rapta,
827 3548 932 3612 jamque
942 3555 1042 3613 enthea,
1053 3554 1137 3599 divina

53 3626 98 3682 pit,
109 3633 135 3669 nt
148 3623 232 3669 odinnt
246 3633 272 3669 et
281 3631 445 3680 contemtum,
457 3638 507 3684 qno
517 3639 574 3683 gra·
613 3623 741 3683 loquatur.

54 3699 106 3743 vius
119 3698 177 3743 nihii
191 3696 221 3742 nd
235 3696 368 3756 offensam,
386 3697 487 3744 ommno
504 3697 574 3745 abin·
647 3701 660 3743 7
680 3699 735 3744 Non
754 3698 824 3745 Liber
844 3701 919 3761 aequo]
937 3703 974 3747 De
987 3703 1133 3748 Bacchana-

54 3770 271 3815 issecnmnrobct.
616 3774 675 3814 lintn
699 3775 806 3815 aricino
832 3775 934 3814 insanin
963 3775 1134 3815 attaminatione.
