2408 4200
355 244 561 293 οιιιιιιιιιυιι
588 243 658 292 cru.
681 244 731 292 ru.
752 230 806 294 13.

221 383 615 467 Nigrorumquememor,
630 384 707 450 dum
720 385 813 464 licet,
830 387 964 468 ignium,

227 482 336 548 Misce
352 484 527 547 stultitiam
542 485 691 549 consiliis
704 485 857 560 brevem:

348 582 455 647 Dulce
469 590 522 647 est
535 582 690 666 desipere
703 585 739 648 in
751 585 839 650 ioco.

50 767 105 838 dam
114 769 179 837 potes
193 765 325 875 recordptss
340 763 389 812 otri
404 764 458 826 rogi
473 763 564 814 bevera
580 765 696 814 issum
711 766 813 815 ιιὼιιίιιι
828 765 959 829 opimio.
995 767 1136 830 Tmpestioe

53 841 160 876 ιιιιιιιιιιι
170 841 239 877 saoce
249 841 273 876 es
286 862 293 876 .

539 920 645 970 Nom

55 1044 152 1091 museo,
169 1037 196 1080 et
215 1046 231 1079 a
243 1029 383 1080 condendis
402 1030 504 1080 aridae
523 1045 579 1080 car·
616 1032 745 1082 videntur.
770 1032 840 1082 ilinc
851 1032 1064 1084 Poita‘brevem
1075 1037 1139 1084 stul-

53 1105 163 1155 minibus
184 1107 231 1167 ipsi
257 1103 375 1168 profecto
404 1106 577 1169 questuosiss
619 1107 720 1156 titiam’
747 1109 879 1171 appellat:
913 1109 1049 1158 Anacreon
1077 1124 1139 1159 vero

54 1195 112 1228 nant
130 1195 176 1243 pro
196 1180 285 1228 iisset
307 1179 450 1228 liberaliter
468 1177 578 1228 donatus
617 1182 1091 1246 cooperationemsapiesrtemssrorem.

54 1257 87 1301 ab
100 1256 216 1317 Augtrsto
235 1254 343 1318 aliisque
363 1253 512 1316 proceribus
523 1255 578 1316 jara
650 1262 682 1307 28
699 1259 777 1308 Dulce
792 1263 827 1307 est
843 1260 946 1322 deripere
956 1260 984 1306 in
998 1257 1057 1320 loco]
1074 1258 1140 1307 Cou-

56 1329 150 1379 suerat.
618 1344 681 1392 prun
694 1339 810 1394 tempore
821 1340 848 1380 et
858 1334 916 1380 loco
932 1332 1008 1380 animi
1019 1333 1143 1381 severita-

87 1408 119 1453 26
137 1403 312 1464 Nigrorumqrre
327 1415 422 1462 motor,
443 1402 498 1449 dam
513 1401 578 1462 licei,
618 1412 670 1453 tern
679 1405 792 1466 abjicere
799 1405 912 1467 expedit.
928 1406 1143 1455 Seuec.de'1'ran·

56 1480 155 1540 ignium,
170 1479 224 1541 ese]
248 1478 341 1526 Mortis
361 1491 466 1540 memor,
489 1476 579 1525 tristir·
618 1478 691 1541 quill.
707 1492 726 1528 1.
744 1480 865 1542 capuit.
887 1480 935 1528 ‘Si
946 1479 1040 1529 Graec
1052 1480 1143 1530 Poitre

57 1565 106 1614 que
123 1566 154 1599 sc
171 1550 287 1599 funebris
298 1550 351 1613 rogi
366 1552 390 1599 in
402 1566 453 1615 quc
464 1565 579 1600 cremrn·
619 1553 756 1615 credimur,
772 1555 863 1618 inquit,
881 1554 1014 1604 interdurn
1031 1563 1060 1604 et
1077 1556 1144 1605 loss·

57 1635 100 1675 tur
117 1624 254 1686 cadavera,
271 1625 390 1689 quamdiu
411 1629 474 1676 iiost
495 1641 526 1676 so
544 1629 580 1678 ri·
618 1627 890 1690 nirejueundomest’
906 1629 1144 1679 MenanderinCo·

58 1701 104 1762 vis,
122 1700 215 1764 gandia
232 1702 305 1765 bujm
321 1703 380 1752 rito
403 1716 511 1766 carpere
529 1701 579 1754 fes·
619 1704 713 1753 lucedis
724 1702 1145 1763 enititulnssreuolnerosmeaoles:

49 1777 123 1825 tina.
619 1778 812 1840 οὐπιινταχοῦτὸ
820 1777 930 1840 φρόνιμον
941 1777 1049 1840 dpubrret
1062 1777 1145 1840 παρὸν,

89 1855 120 1900 2⁷
137 1852 213 1899 illisce
223 1851 351 1900 stultitiam
361 1853 466 1902 consiliio
479 1853 581 1914 ὺιιυιηι]
620 1854 666 1899 Kal
676 1856 820 1912 συμμανῆναι
832 1853 851 1898 δ’
863 1850 913 1898 iric
923 1853 966 1898 διῖ.
992 1853 1045 1898 Nos
1056 1866 1145 1911 semper

58 1927 228 1976 Severitatem
261 1925 419 1987 aliquantula
453 1923 583 1970 hilaritate
621 1926 760 1984 sapientiora
769 1926 834 1971 deest
845 1925 933 1979 odem,
948 1928 971 1969 et
981 1922 1084 1970 tumba
1094 1938 1147 1970 cum

59 2011 188 2064 tempera:
207 1995 584 2057 intermitteseria‚jocispau·
622 1995 678 2042 aliis
702 1998 839 2059 quandoque
864 1999 962 2058 oporiet.
996 1995 1047 2044 Ubi
1070 1998 1147 2060 vulgo

58 2076 136 2123 lulum
147 2089 218 2121 νισι.
236 2073 287 2121 Qui
300 2068 431 2117 relsxandi
440 2067 516 2116 animi
527 2083 584 2132 gra·
623 2071 739 2130 συμβῆναι
750 2072 802 2133 legi
814 2084 960 2135 perperam,
971 2073 1108 2121 replentia
1120 2080 1149 2122 et

60 2149 95 2196 tia
107 2147 218 2195 ludendo
228 2143 376 2205 lasciviunt,
389 2143 462 2208 quasi
473 2143 585 2194 insanire
624 2145 751 2207 prosodia
763 2145 827 2194 ratio
838 2145 983 2195 luculenter
994 2146 1099 2195 evincit.

479 2389 577 2454 ODE
613 2389 724 2456 XIII.

505 2571 545 2618 IN
574 2571 709 2619 LYGEN.

65 2701 196 2757 Horatius,
212 2708 326 2748 veterum
341 2702 491 2763 injuriarum
508 2716 613 2757 mernor,
631 2704 721 2752 amice
738 2704 839 2753 cuidam
855 2718 907 2752 soto
925 2700 983 2750 olim
1001 2699 1151 2761 fastidiose,

91 2780 146 2840 jam
158 2791 219 2825 vero
232 2781 324 2827 vetulae
340 2778 427 2840 factae,
437 2786 545 2841 propter
560 2786 666 2828 etatem
682 2789 765 2831 tamen
777 2782 932 2841 lascivienti,
944 2781 1102 2844 lepidissime
1114 2781 1152 2827 iu·

97 2859 184 2906 sultat.

234 2967 451 3044 Auotvuuu,
467 2967 570 3049 Lyce,
585 2966 632 3031 Dt
646 2985 723 3029 mea
736 2975 827 3040 vota,
843 2967 889 3029 Di

235 3066 413 3145 Audivere,
431 3069 542 3151 Lyce:
564 3067 606 3131 iis
622 3085 716 3143 onus,
729 3078 761 3130 et
775 3075 884 3130 tamen

101 3249 123 3293 0
134 3247 205 3309 Lyce,
219 3247 264 3295 Dii
280 3249 448 3298 reordinarent
459 3261 522 3297 otene
530 3261 611 3311 preces
617 3262 627 3305 ;
644 3245 715 3310 Lyre,
735 3245 780 3295 Dii
798 3245 978 3295 emudioerttrt.
1009 3244 1066 3292 dora
1076 3245 1154 3292 vetulo

100 3485 159 3535 Ode
172 3485 272 3534 decima
284 3499 351 3532 nona
363 3485 434 3533 Libri
444 3484 550 3534 secundi
565 3487 590 3533 in
602 3485 651 3534 Ed.
660 3483 753 3533 Sauad.
787 3483 935 3546 Epiprspbe
946 3483 972 3531 in
982 3483 1065 3532 Puim.
1077 3483 1155 3533 Gem-

66 3551 136 3601 biec.
148 3555 170 3598 1.
180 3555 203 3598 2.
221 3549 347 3610 Meropiiee
357 3549 551 3611 permiste-l
570 3549 615 3598 Dii
627 3549 699 3597 ruulti
710 3547 787 3597 codd.
798 3557 825 3596 ct
837 3547 945 3597 edd-u
963 3547 1074 3596 Heimst.
1093 3548 1155 3610 cifis

554 3689 661 3740 NOTAE

101 3792 213 3839 Metrum
227 3788 294 3836 idem
308 3786 374 3850 quod
387 3799 405 3834 ι.
418 3785 470 3835 Od.
481 3792 506 3835 ⁵.
632 3800 675 3836 ιιι.
695 3786 746 3836 Od.
767 3790 806 3835 10.
838 3785 928 3833 Eidem
946 3795 1012 3829 nunc
1023 3780 1095 3829 senio
1112 3782 1156 3832 de·

103 3869 112 3910 l
133 3864 207 3926 Lyre]
225 3863 307 3924 Hujus
327 3863 386 3910 oliur
403 3862 542 3924 juventute
565 3871 593 3912 et
632 3862 742 3924 turpatie
753 3860 867 3909 insultat.
892 3858 934 3904 Sic
945 3854 1156 3917 etLydinquon-

72 3937 153 3984 forma
171 3935 313 3996 splendidos
333 3950 431 3985 amores
451 3938 593 3999 arroganti·
632 3937 690 3984 daur
708 3937 833 3999 pulchre,
846 3934 974 3994 jamvero
992 3929 1153 3991 deformare.

72 4024 161 4072 utrique
185 4016 334 4070 persecutus
355 4009 440 4058 iuerat
460 4011 593 4072 Horatius,
633 4012 717 4061 illudit
729 4024 747 4060 t.
760 4009 811 4060 Οὐ.
824 4011 865 4056 25.
