2408 4200
377 284 582 334 oannmnn
608 284 679 333 nra.
702 284 751 332 ιν.
774 272 826 335 ll.

228 427 402 492 Cursitnnt
416 427 527 490 mistae
543 428 655 508 pueris
671 428 811 509 puellae:

230 528 403 592 Sordidum
419 528 562 591 flammae
576 526 744 609 trepidant
758 533 905 590 rotantes

484 625 621 690 Vertico
635 626 770 690 fumum.

229 727 278 791 Ut
293 734 404 791 tamon
417 727 509 790 noris
524 728 645 808 quibus
657 726 833 790 advoceris

228 827 372 892 Guudiis
385 848 394 906 3
417 827 499 891 Idus
515 828 577 891 tibi
591 836 669 892 sunt
682 828 833 909 agendae,

50 1002 144 1062 jasua
153 1007 196 1055 iac
205 1006 307 1071 illasque
316 1007 461 1057 disraratm
478 1007 547 1067 ignis
557 1006 638 1055 tremit
646 1007 825 1066 atrasnsasnuns
833 1007 1012 1057 circumvolvens
1021 1007 1046 1055 in
1053 1010 1148 1067 apicem.

58 1069 170 1119 Attum
186 1076 212 1119 nt
229 1071 291 1120 scias
302 1072 333 1119 ud
344 1070 533 1133 pannariam
544 1069 663 1131 innitaris,
678 1071 819 1120 celebrandae
836 1071 881 1120 tibi
897 1078 952 1120 sunt
963 1072 1030 1126 tan.
1041 1073 1081 1133 qni
1098 1074 1148 1120 dies

514 1209 691 1230 WOOOOO

59 1319 111 1354 rant
130 1305 241 1355 Horatii.
274 1306 325 1357 Sed
337 1307 374 1356 ita
385 1306 489 1357 amabat
499 1308 623 1358 Heinsius
639 1310 709 1358 illurn
729 1311 806 1359 talem
826 1308 946 1372 loquendi
958 1308 1108 1366 modum,ut
1123 1308 1149 1357 in

59 1368 213 1418 editionibus
223 1370 285 1430 suis,
296 1370 398 1420 obicum
419 1387 451 1421 ue
462 1380 560 1434 posset,
568 1373 745 1423 introduceret
758 1374 868 1435 plurales
880 1386 1007 1421 numeror.
1040 1371 1149 1420 Interim

52 1431 171 1489 festinant
183 1434 261 1481 etiam
273 1433 338 1484 Cun·
352 1450 368 1483 a
417 1443 529 1548 astque
543 1438 619 1486 itaet
637 1438 716 1485 nortri
729 1438 804 1486 Desa.
820 1440 844 1486 3.
862 1436 975 1497 Lips.t.'
989 1435 1058 1483 dani.
1090 1434 1150 1482 Vid.

59 1495 147 1543 Beati.
167 1505 195 1544 et
207 1497 269 1544 Var.
282 1497 366 1546 Lectt.
383 1499 415 1547 ad
437 1513 456 1547 r.
503 1500 529 1547 d.
544 1504 586 1548 at.
598 1506 623 1549 8.
642 1500 717 1549 Harl.
734 1503 756 1547 1.
766 1501 939 1559 festinet-ll
957 1499 1065 1547 ‘Beati
1082 1497 1150 1559 conj.

58 1558 185 1618 crepitant,
203 1559 320 1620 primum,
337 1561 395 1623 qnia
410 1562 592 1625 ‘trepidandi'
613 1564 686 1613 notio
700 1564 755 1626 jam
775 1563 836 1613 inuit
855 1563 880 1610 in
900 1562 978 1610 verbo
993 1564 1000 1588 ⁴
1014 1559 1148 1618 rotantes,’

61 1620 82 1667 si
94 1619 198 1682 quidem
210 1622 218 1649 ‘
228 1622 373 1685 trepidare’
385 1625 418 1673 de
430 1633 500 1674 rnotu
511 1623 669 1676 flammarum
681 1627 788 1676 tremulo
801 1626 950 1688 accipiatur.
975 1626 1033 1673 linc
1045 1624 1148 1686 quidem

58 1697 108 1745 ego
119 1696 168 1730 non
182 1698 317 1749 assequor,
333 1687 390 1736 dnae
403 1689 470 1737 enirn
484 1689 593 1740 divorsa
606 1691 666 1740 rnihi
683 1691 801 1740 videntur
818 1704 873 1738 esse
892 1689 1026 1751 imagines,
1037 1685 1150 1735 flamma·

57 1759 114 1819 rum
127 1753 219 1809 motus,
230 1756 258 1797 et
270 1751 364 1801 rotatio
374 1750 446 1801 fumi.
481 1753 584 1803 Deinde
596 1755 678 1812 addit,
688 1755 709 1802 si
725 1752 888 1817 ‘trepidare'
905 1754 943 1802 ita
954 1751 1108 1813 explicetur·
1121 1757 1149 1798 ut

58 1823 170 1870 ipsarum
182 1810 337 1862 flammarum
350 1814 481 1864 festinatio
491 1824 518 1865 et
530 1819 601 1880 qnasi
611 1819 721 1867 studium
729 1818 854 1865 declarari
867 1824 981 1876 putetur,
989 1817 1053 1862 hanc
1063 1813 1150 1861 adoro-

62 1871 122 1920 durn
134 1873 249 1936 jejunant
263 1892 292 1925 ac
304 1877 424 1939 frigidam
436 1878 493 1925 tore
505 1879 597 1926 ideam.
631 1880 661 1925 ln
673 1893 724 1938 quo
736 1879 854 1936 proiecto
872 1891 946 1922 verus
960 1884 1013 1923 est:
1031 1876 1075 1921 sed
1087 1877 1149 1934 quid

61 1935 162 1983 tandem
174 1941 356 1988 necessitatem
367 1941 440 1988 noble
453 1940 526 1984 istius
539 1940 596 1984 talis
608 1939 788 1998 explicationis
798 1937 920 1999 imponit?
943 1936 1068 1997 Denique,
1079 1951 1149 1984 more

58 2011 115 2058 eno,
123 2014 237 2060 magnam
249 2004 363 2049 locorum
375 2003 425 2048 viru
433 2007 593 2058 annumerat,
604 2000 695 2059 quibas
704 1999 834 2060 ‘crepare’
842 2001 882 2047 vel
895 1997 1052 2059 ‘crepitare'
1064 1999 1149 2060 ignem

57 2060 109 2108 dici
122 2076 196 2121 posse
208 2064 316 2120 doceat;
335 2063 368 2108 de
380 2074 431 2123 qao
443 2073 518 2106 nemo
530 2061 674 2108 mortalium
687 2060 859 2111 dubitaverat.
893 2061 981 2110 Quare
994 2061 1149 2109 retineamus

57 2136 144 2184 quaeso
153 2127 343 2184 trepidantque
355 2137 405 2170 noa
417 2122 497 2170 solurn
505 2121 572 2171 bona
582 2124 657 2172 lectio
665 2133 713 2183 est,
721 2123 765 2171 sed
776 2126 851 2173 etiarn
864 2124 988 2172 haetenus
996 2125 1150 2186 elegantior,

59 2185 127 2245 qnod
140 2199 205 2234 nuno
221 2193 328 2248 utraque
342 2186 435 2249 imago,
446 2192 474 2233 et
486 2183 653 2245 flammarum,
665 2196 689 2235 et
705 2186 777 2247 furui,
797 2189 828 2235 ad
848 2189 928 2235 virum
945 2188 1150 2251 adspectumque

57 2247 190 2308 pertinet;
203 2264 260 2297 cum
270 2263 283 2296 e
293 2251 406 2299 Bentleii
415 2249 595 2312 emendatione
605 2253 686 2298 altera
694 2251 785 2310 oeulis,
793 2251 876 2298 altera
887 2251 990 2299 nuribus
1003 2252 1150 2312 usurpanda

57 2310 100 2358 sit.
134 2309 174 2359 Ct'.
187 2312 219 2360 ad
233 2327 251 2362 ι.
264 2312 403 2363 011132.
438 2313 546 2361 Interim
561 2314 678 2375 crepitant
692 2327 753 2362 sane
770 2314 864 2361 lrolsent
877 2314 931 2362 Alt.
945 2314 1002 2364 l.in
1014 2321 1150 2373 contextu,

58 2381 85 2422 et
98 2371 150 2422 tn.
162 2379 187 2422 2.
205 2378 391 2438 provenient.
426 2375 537 2424 Omnino
552 2377 619 2425 enim
638 2376 714 2425 facile
728 2386 874 2436 permutata
892 2392 907 2422 a
923 2377 1034 2424 librariis
1049 2381 1057 2403 ‘
1071 2378 1149 2438 trepi-

58 2436 135 2485 dare’
146 2446 173 2486 et
188 2441 195 2466 ‘
208 2439 358 2500 crepitare!
392 2441 512 2489 Ceterum
525 2440 550 2488 h.
561 2441 578 2488 1.
591 2450 710 2502 apparet,
722 2441 835 2488 Bentleii
848 2440 972 2502 judiciam
985 2454 1059 2502 quam
1071 2438 1149 2488 fuerit

57 2501 165 2549 subinde
177 2502 298 2551 dissimile
310 2511 337 2551 et
349 2504 419 2552 velrrt
432 2505 564 2551 irnrnemor
576 2505 623 2552 sui.
658 2504 725 2552 Nam
738 2505 762 2551 in
776 2505 838 2552 locis
857 2503 981 2552 Prudent.
1000 2503 1147 2563 Peristepir.

60 2570 169 2613 vr.1t)0.
202 2567 366 2616 Seneo.OEd.
378 2572 434 2615 333.
463 2569 566 2629 Tlryest.
584 2571 641 2616 768.
657 2582 688 2615 en
706 2568 739 2615 da
758 2582 837 2615 carisa
857 2565 963 2628 praesert
979 2568 986 2593 ‘
1000 2565 1150 2628 trepidare,'

57 2626 118 2687 quia
137 2628 183 2687 ipsi
202 2627 252 2676 toci
272 2644 324 2690 prae
343 2632 447 2678 horrore
465 2638 492 2677 et
510 2638 580 2678 metu
598 2632 756 2692 trepidantes
768 2631 915 2692 fingentum
931 2637 1121 2679 contrarioatro
1133 2630 1150 2676 l.

58 2688 120 2735 nihil
133 2689 345 2748 perterrefeoisse
357 2693 466 2739 culinam
475 2692 588 2748 Horatii,
599 2701 627 2740 et
640 2696 679 2742 vel
690 2694 747 2741 ideo
758 2697 875 2756 crepitant
887 2694 977 2741 melius
988 2707 1054 2751 ease,
1067 2700 1149 2754 putat.

57 2750 130 2796 Talia
147 2750 233 2799 dieere
253 2760 364 2812 poterat,
381 2756 425 2816 qni
446 2754 530 2815 paullo
548 2765 618 2812 ante,
628 2754 786 2803 flammarum
799 2757 1000 2815 festinationem,
1009 2757 1109 2803 inanem
1123 2763 1150 2802 et

58 2811 176 2871 frigidam
196 2813 312 2874 figuram,
329 2824 401 2863 recte
421 2815 533 2878 quidem,
553 2818 725 2877 appellasset!
741 2820 875 2865 dani-tit
895 2820 926 2865 Et
943 2824 1020 2865 tannen
1039 2820 1149 2879 Franeq.

58 2876 168 2924 adaerere
179 2875 289 2940 Coning.
300 2878 395 2927 Sauad.
407 2887 433 2926 et
443 2879 530 2928 dones.
542 2879 608 2927 hand
622 2880 698 2927 dubie
711 2887 780 2927 meto
790 2881 996 2929 homoeoteleuti:
1014 2881 1049 2928 ita
1063 2889 1147 2928 tomen

551 3003 658 3052 NOTAE

59 3096 198 3158 diligenter
220 3105 313 3159 parant
333 3112 502 3161 quaecumque
524 3103 584 3145 stant
657 3100 687 3147 tt
705 3097 775 3158 idua]
792 3097 910 3167 Maarob.
930 3097 1150 3146 Summonuit.

60 3172 92 3217 ud
104 3171 248 3218 convivium
261 3173 412 3221 necessaria.
623 3179 630 3199 ⁸
645 3173 781 3221 Nonnullis
803 3173 889 3234 placet
907 3172 968 3219 ldus
987 3178 1091 3221 vocatas
1103 3174 1149 3221 lari

94 3248 122 3292 ll
142 3245 268 3294 Sordidroa
281 3248 396 3311 flammae,
413 3247 466 3309 lfa]
485 3248 583 3296 Culinm
622 3248 752 3310 varinnas,
762 3248 829 3310 quod
838 3262 869 3295 ea
879 3247 920 3296 die
928 3248 1027 3308 plenam
1036 3251 1148 3311 speeiem

60 3335 125 3369 meae
145 3318 217 3368 socna
236 3322 369 3382 plurimum
385 3323 463 3371 habet
479 3323 553 3384 ignis,
568 3337 582 3370 e
624 3322 698 3371 Luna
717 3323 886 3373 demonstret.
919 3325 986 3372 Sunt
1001 3324 1043 3385 qui
1060 3325 1149 3374 existi-

60 3409 111 3459 quo
122 3393 230 3444 flammae
248 3412 346 3445 sursum
360 3397 515 3447 terraturio
528 3413 583 3447 rer·
624 3406 695 3446 ruent
705 3399 764 3446 idus
776 3398 808 3446 ab
821 3411 868 3445 ove
880 3397 940 3446 idoli
952 3398 1052 3458 dietus,
1072 3414 1148 3463 quam

62 3472 148 3533 tieem,
167 3479 194 3519 et
210 3480 271 3519 rotae
288 3472 364 3520 modo
382 3480 584 3535 contorquentur
623 3474 671 3521 hoc
682 3474 783 3522 nomine
796 3474 982 3533 vorantTnsei,
993 3482 1020 3523 et
1031 3475 1148 3524 omnibus

62 3560 91 3594 ae
109 3546 250 3608 trepidant,
265 3555 393 3611 aguntque
407 3546 503 3595 inarum
521 3548 584 3595 den·
625 3545 1075 3597 ldibnsovisimmolaturadamine.
1094 3550 1148 3597 No·

63 3621 308 3671 sunrscsordidurn.
624 3621 663 3670 bis
685 3622 727 3670 illu
749 3623 815 3670 ratio
835 3623 942 3670 nominis
965 3638 1024 3671 vero
1045 3624 1150 3684 propior

96 3699 125 3743 13
146 3697 178 3745 Ut
197 3704 273 3746 tamen
289 3697 361 3758 noda,
377 3695 430 3757 da]
445 3695 585 3744 Utintelli·
624 3696 797 3756 existimatur,
811 3705 840 3745 ut
860 3696 920 3745 idus
941 3712 1060 3745 vocemus
1079 3697 1147 3744 diem

66 3783 110 3829 gas
134 3773 208 3833 quale
231 3774 265 3821 sit
287 3773 405 3835 gandium
428 3770 586 3830 hodiernum,
624 3771 667 3831 qui
690 3785 801 3820 mensem
822 3773 921 3821 dividit.
965 3772 1057 3818 ldnare
1079 3772 1147 3818 eninr

64 3854 160 3905 quanta
177 3847 209 3893 sit
223 3848 359 3898 hilaritatis
371 3862 454 3907 causa,
466 3847 499 3895 nd
511 3861 585 3908 quam
626 3847 734 3895 Etrusca
746 3850 833 3909 lingua
845 3848 959 3896 dividere
969 3854 1024 3893 est:
1043 3845 1148 3893 undeet

65 3922 90 3961 te
103 3930 181 3975 voco;
193 3918 255 3966 ldtrs
264 3930 322 3968 sunt
335 3922 448 3982 Apriles,
457 3922 481 3969 in
495 3922 585 3984 quibus
626 3923 711 3977 vidua,
724 3925 794 3985 quusi
808 3923 881 3971 valde
894 3923 961 3981 idua,
974 3921 998 3968 id
1012 3928 1060 3981 est,
1073 3922 1146 3969 valde

65 3989 176 4037 natalem
189 3993 289 4040 celebro
302 3995 462 4056 otaeceaaris,
474 4010 530 4044 rueo
542 4012 586 4044 na·
626 3995 714 4056 divisa,
725 3999 763 4045 vri
777 4014 792 4044 a
804 3999 858 4044 viro
869 3996 969 4043 divisa!
993 3994 1061 4042 Hine
1074 4003 1147 4057 patet

68 4062 111 4111 tali
125 4063 178 4114 iure
191 4064 250 4111 mihi
263 4065 395 4114 notiorem.
626 4083 670 4114 eur
693 4071 808 4114 Aorilem
832 4070 938 4115 findere.
960 4069 984 4114 id
1006 4080 1060 4114 eat.
1076 4070 1146 4114 aunei
