2408 4200
148 285 191 347 bt)
494 294 541 343 aa
565 291 705 342 aurata
729 291 901 343 nonaria.

190 433 343 497 Secundus
366 453 436 494 vero
459 432 583 514 quiaque
602 444 648 493 eat
669 432 816 493 iambicus
839 432 1201 512 HipponacteuaTrimete

149 530 244 609 qualia
259 529 328 589 ille:
350 530 410 589 Ibis
432 529 564 590 Liburnia
585 529 661 588 inter
681 527 741 588 alta
755 527 882 588 navium.
925 529 1101 608 Quanquam
1122 529 1152 589 ia
1179 530 1198 588 b

149 624 217 684 Ode
229 623 378 684 secundus
392 626 516 703 quiaque
528 641 631 682 veraua
645 631 763 682 cunctat
776 641 793 681 e
808 621 879 680 solia
894 623 1022 689 iambis:
1045 622 1125 701 qued
1145 644 1198 682 ιι·

149 733 261 781 tautum
278 721 385 799 legitur
399 720 504 778 iecisse
520 717 670 777 Horatius.
712 717 909 785 Quamobrem
922 737 1023 778 veraua
1038 718 1107 779 ille:
1127 719 1198 779 Eam

149 835 250 876 omnes
270 826 406 876 execrata
419 814 534 883 civitae,
554 812 595 873 aic
609 822 656 872 eat
676 812 841 890 legendus:
867 812 976 871 Eamus
991 814 1085 871 omnia
1099 832 1171 872 exec
1192 844 1195 863 ι

149 913 262 971 civitae.
305 908 392 978 Quod
407 919 438 968 et
451 907 647 988 Porphyrieni
659 908 767 987 placet,
781 919 816 968 ut
829 909 868 966 eit
881 907 1007 985 figurata
1022 907 1151 967 locutio:
1178 910 1203 967 E

149 1025 215 1064 mus
227 1007 322 1066 omnia
336 1004 438 1063 civitae
453 1012 590 1063 execrata
608 1003 685 1077 haec,
708 1013 739 1063 et
758 1023 826 1082 quoe
845 1013 984 1082 poterunt
996 1001 1105 1065 reditus
1119 1003 1198 1062 abaci

149 1099 217 1159 dere
232 1098 345 1158 dulces.
386 1098 464 1156 Sunt
475 1096 552 1157 enim
566 1116 669 1157 omnes
682 1097 793 1166 lambi;
808 1098 864 1158 boc
878 1096 986 1157 modo:

213 1205 961 1272 sutae—etipwaaBou-mariv-ribuw-raitw

467 1292 527 1320 -w
557 1293 618 1320 -υυ
648 1298 687 1306 --
719 1297 755 1306 --
790 1292 850 1320 -υυ
881 1296 919 1306 --

480 1355 519 1382 υ·
566 1356 604 1386 ν·
646 1356 685 1384 υ-
716 1356 754 1384 υ-
796 1357 834 1384 υ-
877 1357 921 1383 w

190 1428 399 1487 Decimioctavi
414 1426 530 1504 generis
543 1426 609 1486 Ode
622 1444 692 1485 una.

270 1520 364 1598 Epod.
381 1540 455 1580 xri.
475 1521 576 1580 Altera
585 1521 648 1598 jam
662 1523 764 1581 teritur
777 1523 863 1582 bellic
877 1523 1010 1583 civilibus
1023 1535 1105 1583 aetar.

189 1618 481 1675 Uunavraaarrruu
506 1633 633 1674 oenus:
656 1626 690 1675 ut
704 1615 799 1694 Epod.
813 1636 976 1695 xv11.quae
989 1630 1035 1678 eat
1050 1618 1202 1677 Monoeci

149 1712 225 1769 Sunt
238 1710 314 1767 enim
330 1726 431 1767 omnes
445 1727 548 1767 versus
563 1709 682 1768 iambici
694 1708 890 1788 Hipponactei
899 1712 1032 1771 Trimetri
1047 1712 1199 1771 Acatalect

147 1805 243 1885 qualis
256 1803 324 1861 iile:
350 1803 410 1861 Ibis
425 1803 559 1862 Liburnia
572 1804 647 1864 inter
661 1804 721 1863 alta
733 1805 870 1872 narium
895 1805 953 1865 hoc
967 1806 1077 1866 modo:

211 1914 996 1978 Jamj'ef--tieau-cide--muauev-ucienv-tiev-

208 1979 349 2042 Supplex·
357 2004 373 2013 -
385 1984 412 2028 et
423 1993 484 2029 ου·
494 1992 523 2027 re
534 1993 580 2041 reg
589 2005 628 2014 --
639 1990 672 2026 na
681 1992 775 2040 perv·
785 1978 880 2028 Proser
891 2006 930 2015 --
942 1980 1009 2042 piae
1021 2001 1058 2031 υ-

445 2068 485 2077 -·
515 2063 554 2090 υ·
585 2067 624 2076 --
655 2063 694 2091 υ·
732 2064 771 2092 υ-
803 2065 841 2091 υ-

189 2195 406 2274 Uuderigerimi
421 2198 538 2275 generis
553 2196 619 2257 Ode
632 2215 703 2256 una.

268 2291 362 2371 Epod.
379 2311 466 2351 xvu.
487 2293 554 2352 Jam
569 2293 632 2371 jam
649 2292 761 2352 efficaci
776 2291 815 2350 do
831 2311 935 2351 manus
951 2293 1092 2353 acientiae.
