2408 4200
373 263 580 313 cueuruuu
607 262 679 310 utu.
703 262 753 311 ιν.
775 245 809 309 1.

138 405 373 472 Comissobero
387 404 543 482 Maximi,

181 505 219 570 Si
233 511 354 572 torrere
364 505 459 589 jecur
474 505 599 587 quoeris
612 503 778 569 idoneum.

53 720 173 780 Meuium
188 723 264 772 iberi
275 725 344 772 uelox
353 721 431 786 opertio
438 720 574 785 perpureio,
584 720 607 770 ei
617 721 684 784 cupio
694 727 774 786 κρίκοι
784 722 858 787 bepor
867 722 1021 788 infirme.
1046 721 1073 769 Ie
1082 718 1144 769 erebro

54 1022 101 1070 pro
110 1008 223 1057 conditio
234 1024 242 1069 3
254 1009 315 1058 item
327 1015 389 1058 nutu
404 1022 461 1057 erre
472 1009 480 1038 ‘
491 1022 659 1059 marmoreum
671 1009 820 1071 cervicem,'
831 1011 839 1038 ‘
850 1022 1018 1059 marmoreum
1029 1004 1142 1063 oollum,'

53 1074 102 1120 bre.
135 1071 185 1120 Soti
202 1072 229 1120 lu
246 1072 308 1121 edit.
326 1079 419 1137 porter.
432 1074 488 1136 ipre
506 1075 616 1121 mutavit
632 1073 867 1137 sententium,quie
884 1072 1009 1136 purpureis
1020 1071 1144 1120 titleetio

53 1133 165 1183 omnium
182 1134 257 1184 codd.
270 1137 332 1185 item
344 1135 426 1186 Servii
438 1134 470 1183 od
480 1136 618 1199 VirgAEu.
628 1149 646 1184 r.
656 1135 985 1200 591.sersureireliquendo
994 1134 1143 1197 conjeceret

53 1197 132 1262 Cruq.
144 1198 189 1246 red
201 1213 268 1254 mox,
280 1213 355 1262 quoru
376 1200 491 1262 ineptum
507 1200 555 1249 lroc
567 1207 648 1259 meet,
663 1201 720 1262 ipre
739 1209 866 1250 senserat.
901 1201 966 1249 Port
981 1197 1049 1246 idem
1064 1197 1143 1259 Cruq.

53 1261 155 1311 emend.
172 1276 202 1311 ee
221 1262 304 1312 edidit
321 1263 473 1327 Pompeio,
491 1263 547 1312 e'uo
565 1263 683 1312 lectionir
703 1265 813 1327 vestigia
832 1266 859 1312 iu
873 1263 949 1313 coctu.
968 1259 1142 1310 manduntur

54 1324 121 1373 vieno
132 1325 271 1389 reperirer.
280 1333 308 1376 et
318 1327 451 1387 explicet:
468 1327 477 1354 ⁴
510 1327 581 1376 tueri
592 1326 691 1382 ooerir,’
707 1328 775 1391 quod
787 1327 901 1390 Cythera
912 1326 994 1374 inrule
1005 1324 1065 1373 olim
1079 1323 1144 1372 Por·

53 1388 141 1452 phyris
152 1396 262 1438 vocate:
283 1389 335 1438 vid.
347 1390 417 1440 Plio.
427 1403 464 1438 ru.
477 1393 515 1439 12.
549 1391 616 1439 Dum
628 1390 783 1453 dubiorum,
794 1405 826 1438 eu
838 1396 908 1439 recte
916 1390 1042 1438 formetur
1054 1401 1070 1434 e
1080 1387 1145 1435 Por·

54 1452 127 1514 pbyri
140 1453 238 1512 gentile
250 1457 257 1481 ¹
267 1453 431 1516 Porphyrene
440 1452 457 1502 ε’
477 1463 529 1502 tum
542 1467 591 1502 uon
604 1467 668 1514 opue
680 1453 718 1503 hir
730 1455 860 1514 omnibuo3
878 1467 935 1501 uem
954 1453 1050 1515 optime
1064 1449 1144 1498 hebet

52 1515 191 1576 perper-eie!
205 1514 337 1565 beni-ll
358 1516 531 1576 eomuobere,
542 1518 582 1565 vel
596 1518 788 1577 Gomorreorum,
799 1518 822 1565 lt.
834 1518 850 1566 Ι.
863 1524 891 1566 et
902 1515 972 1575 olibi,
984 1527 1072 1563 omneo
1084 1527 1143 1575 pro·

54 1578 189 1638 pemodnm
199 1577 275 1627 codd.
291 1594 321 1628 ee
332 1580 406 1630 editt.
416 1588 481 1629 vett.
514 1582 549 1629 Et
557 1581 634 1643 vulgo
643 1579 719 1628 hodie
729 1581 755 1629 iu
764 1581 838 1630 editt.
847 1589 887 1628 eet
895 1578 1058 1628 oomeeeobere.
1091 1575 1144 1625 Sed

56 1640 216 1690 comissabere
226 1656 273 1705 per
284 1643 390 1705 simplex
401 1660 426 1693 m
435 1651 463 1693 et
476 1645 496 1702 i,
507 1653 560 1693 tree
572 1643 683 1694 Blendd.
693 1644 773 1706 Cruq.
781 1652 809 1693 ot
818 1644 855 1692 ric
866 1642 955 1692 Lomb.
969 1642 1034 1689 edit.
1046 1648 1144 1703 poster.

54 1703 132 1767 Cruq.
144 1703 235 1755 Hoim.
247 1706 297 1755 llot
317 1721 367 1757 err.
378 1709 534 1758 Bentlcuu.
542 1709 618 1759 But.
629 1707 708 1757 Goon.
716 1716 744 1758 et
753 1708 813 1759 lon.
823 1707 986 1756 Commorim
995 1704 1146 1753 emendarat

53 1764 126 1817 Fulr.
135 1768 222 1817 Urtiu.
234 1769 281 1819 ine
318 1771 426 1820 ‚Fabium
440 1771 530 1822 Lemb.
543 1777 570 1821 et
577 1773 614 1821 elo
623 1773 679 1836 ipre
689 1772 872 1834 Lomb.e‹l.pr.
880 1771 939 1834 quie
947 1769 1056 1817 eiteGr.
1065 1763 1142 1826 «opt-

53 1827 108 1889 ζοιν.
126 1831 191 1880 ‘Setl
200 1832 232 1880 ob
242 1834 289 1885 hoo
301 1836 357 1897 lpeo
374 1836 583 1890 recteromieeori,
594 1836 633 1882 uti
646 1849 662 1882 e
671 1833 817 1896 ποτριάζοιν,
826 1835 963 1895 pertimere.
982 1832 1042 1878 viu.
1055 1832 1144 1879 Burm.

52 1895 84 1942 od
93 1895 266 1946 Petrumtxv.
280 1903 367 1960 pm.
378 1897 931 1957 eomuaoereuleototmxerrore,quotomon
940 1892 1143 1955 proditurlectio

55 1959 222 2010 commolere.
243 1960 425 2009 Commieeebero
436 1959 538 2006 emend.
546 1959 653 2017 Sirriuu,
662 1957 706 2019 qui
717 1958 754 2005 lta
765 1958 814 2006 ribi
823 1971 877 2005 rem
889 1955 1027 2006 informet:
1046 1955 1142 2002 vidiore

55 2020 193 2072 Horatium
206 2038 299 2082 rycuor
308 2021 482 2078 colludentem
493 2020 584 2083 igitur,
592 2032 651 2066 cum
662 2020 711 2068 rub
720 2019 994 2083 uuirteillorumeperie
1002 2019 1084 2068 lutere
1094 2017 1145 2066 Ve-

54 2085 249 2144 neumarum
263 2085 386 2141 insidiari,
394 2091 521 2144 putasset,
533 2096 589 2130 earu
598 2081 787 2144 ebirejueeioee
798 2084 829 2132 ed
839 2085 980 2134 Maximum
991 2097 999 2131 r
1015 2083 1145 2145 ‘temper-

53 2148 130 2194 tiviuu
142 2148 167 2193 in
178 2145 366 2194 domollleximi
378 2145 578 2194 comminuebore
588 2145 698 2193 oloribur
709 2148 776 2196 oleo'
788 2148 813 2197 h.
823 2149 870 2195 rub
880 2149 951 2197 alitis
962 2145 1043 2194 forme
1051 2146 1146 2194 leteur.

55 2209 102 2257 Cui
120 2209 274 2265 mortalium,
293 2218 389 2270 preter
405 2210 445 2259 cl.
463 2209 582 2266 Sivrlum,
594 2210 646 2257 telo
664 2210 724 2272 quid
745 2211 771 2258 in
790 2219 902 2259 mentem
915 2210 1001 2259 venire
1021 2208 1144 2272 poteret?

55 2270 241 2321 Offendebetur
271 2274 317 2322 Vir
333 2273 439 2322 doctirr.
455 2271 535 2321 forme
554 2274 561 2319 1
583 2274 653 2321 rico:
684 2275 734 2322 oleo
750 2273 860 2322 oloribus·
892 2275 957 2324 Qum
980 2286 1055 2335 quem
1070 2273 1144 2335 jmte

54 2336 156 2385 scilicet
173 2338 207 2385 eit
228 2351 306 2386 cturo
328 2336 491 2400 emendandi,
512 2288 586 2386 facile
609 2337 754 2401 intelliges!
776 2337 845 2386 boni.
887 2336 1048 2386 Comereobere
1066 2336 1145 2384 etiem

547 2505 655 2556 Nom

55 2633 94 2680 bie
110 2631 221 2680 condite
232 2637 290 2682 743.
307 2648 365 2682 eum
383 2634 439 2682 lulo
458 2633 580 2696 Antonio,
619 2628 1146 2698 rotio,quo‹lrubroetiucturemelle,ceu·

55 2706 86 2754 etl
99 2719 174 2767 quem
190 2714 230 2754 ert
247 2707 371 2769 inscripto
387 2720 495 2768 sequeno
510 2707 578 2756 Ode.
619 2707 687 2756 didm
700 2716 785 2757 autern
797 2709 853 2756 oleo
866 2708 924 2755 albo
936 2702 1056 2754 coniecto
1067 2709 1145 2750 emet.

54 2781 137 2827 Vetus
148 2777 231 2826 codex
246 2780 348 2828 titulum
365 2787 457 2842 querto
473 2779 532 2826 buic
549 2779 580 2826 li·
619 2780 739 2842 Xenoph.
752 2782 847 2843 Cyrop.
859 2793 920 2829 vm.
937 2779 1006 2840 Cyru
1018 2774 1147 2824 fuiseeeit

55 2854 102 2902 bro
121 2853 241 2914 prefert:
263 2853 303 2902 Ao
317 2855 419 2902 Fabium
438 2853 581 2916 Mortem,
620 2855 733 2902 tunicam
755 2867 770 2901 e
793 2867 907 2915 purpure
926 2849 1086 2900 remi-elbum
1105 2849 1146 2896 vel

54 2927 190 2976 Torrentio
203 2933 280 2977 terte.
619 2927 679 2974 elbo
701 2925 866 2974 distinctum:
900 2927 991 2984 χιτόνο
1016 2922 1147 2985 πορφυροῦν

86 3005 216 3068 Perperoir
224 3005 274 3053 oleo
284 3002 396 3064 oloribuo]
407 3003 580 3051 Venuecurru
619 2999 773 3060 μεσόλευκον.
801 2999 917 3048 Forsitan
930 3006 957 3046 et
968 2997 1040 3045 color
1051 3011 1148 3058 purpu-

55 3088 131 3129 vecte
142 3081 174 3129 eb
186 3080 297 3129 oloribus
316 3087 411 3140 tracto,
423 3086 503 3141 etque
513 3078 581 3127 elitir
621 3089 679 3122 rour
695 3071 846 3122 attribuitur
859 3071 945 3133 cycuir
956 3070 1085 3117 Venerem
1096 3076 1146 3118 tre·

55 3154 131 3203 modo
149 3156 234 3204 tolano
251 3162 279 3204 et
296 3155 416 3217 eeleriter
432 3152 582 3202 decurrens.
619 3148 751 3208 bentibus,
762 3148 805 3210 qui
819 3142 1019 3208 ipoiurVeuerie
1035 3150 1085 3202 eet,
1101 3156 1147 3203 per

56 3227 123 3276 Vide
134 3240 176 3275 ιιι.
188 3229 240 3277 od.
250 3233 291 3278 28.
620 3223 784 3287 hypallagen.
818 3219 896 3283 Apud
908 3219 1096 3267 Anacreontem
1108 3217 1147 3266 'lt-

88 3301 229 3364 Perpureie]
238 3303 337 3364 Magno
345 3302 479 3352 eontentio
490 3299 522 3347 de
531 3297 581 3346 irte
620 3297 717 3361 ppobim
727 3297 840 3359 πορφυρᾶ.

56 3391 129 3438 voce,
143 3390 201 3424 cum
213 3378 289 3437 cycni
307 3378 383 3439 plane
401 3378 453 3424 rint
469 3373 583 3439 condidi,
653 3378 682 3421 ll
704 3371 875 3433 Comieeobere]
894 3367 1029 3419 Comieeeri
1042 3368 1146 3432 proprie

56 3466 108 3501 non
119 3451 250 3514 purpurei.
279 3451 338 3510 Vel,
351 3464 494 3513 purpureus
507 3462 582 3496 voea-
621 3454 662 3496 eet
673 3455 731 3510 port
742 3460 840 3494 coenam
858 3451 885 3493 et
901 3444 989 3506 epuler
1003 3443 1099 3505 jocari,
1111 3444 1149 3492 lo·

56 3526 134 3574 betur
144 3526 226 3574 omnis
238 3525 310 3572 color
323 3524 398 3571 valde
415 3525 508 3583 uitem,
521 3536 582 3583 que·
620 3521 691 3583 dere,
701 3522 836 3571 lascivire:
854 3532 998 3584 quenquam
1013 3524 1041 3567 et
1053 3517 1149 3580 siguifi-

55 3602 86 3649 lir
98 3609 138 3650 ert
146 3613 285 3662 cycnorum
298 3599 407 3646 condor:
422 3596 526 3645 undeet
537 3596 581 3642 uix
620 3604 664 3644 cet
673 3604 835 3658 postcoenam
844 3595 974 3643 luxuriose
983 3594 1074 3641 iterum
1084 3607 1147 3656 epu-

56 3691 186 3740 purpuret
194 3673 328 3724 diciturub
338 3672 509 3721 Albinovano.
522 3670 582 3729 vel,
620 3671 677 3719 lori.
700 3671 901 3720 suetuml'itell.
918 3683 976 3730 cop·
989 3671 1028 3714 lt.
1052 3668 1148 3729 Epulee

57 3750 125 3814 quod
148 3765 261 3812 purpure
282 3750 359 3798 etiem
383 3749 441 3796 elbo
464 3746 582 3811 quedem
621 3743 805 3809 quadriforiam
820 3743 1001 3807 dispertiebat,
1020 3741 1148 3802 injenta·

57 3832 124 3873 erat.
149 3825 283 3873 Plutarch.
293 3826 318 3873 iu
331 3824 488 3883 Alexandro,
501 3821 582 3870 refert
621 3821 688 3878 cula,
699 3819 815 3881 prandia,
827 3833 922 3877 coeuar,
937 3817 1146 3864 comessationes.

58 3897 248 3946 Hermionlcom
265 3913 405 3960 purpuram
416 3899 488 3947 runis
500 3895 583 3945 ferme
658 3899 686 3943 12
703 3895 787 3954 Jecur]
806 3893 835 3939 ln
852 3893 943 3953 J'ecore
961 3887 1035 3934 sedes
1054 3889 1148 3937 omorio

59 4061 112 4095 rem
130 4058 260 4103 servasse;
277 4046 349 4105 quur
360 4046 414 4092 ltaec
427 4045 582 4094 efferebatur
