2408 4200
54 234 119 302 856
411 250 444 312 u.
467 244 625 298 nouerit
653 244 785 299 suiuus

225 396 275 458 Te
289 393 371 458 vidit
386 395 498 457 insons
514 391 676 457 Cerberus
691 410 792 454 uureu

227 494 337 560 Cornu
353 494 523 571 decorum,
538 491 657 559 leuiter
668 498 817 557 atterens

270 595 433 672 (leudam,
449 601 481 659 el
495 593 677 660 medentis
691 593 836 675 trilingui

314 695 381 760 Ore
395 695 501 780 perles
514 695 687 780 tetigitque
701 712 806 761 crure

54 883 364 1008 5³:th
373 884 471 932 sedens
487 882 859 946 levitmetrraerediertitpedes
873 892 988 944 mute
998 877 1090 942 triplici
1100 875 1148 926 lis·

510 1038 691 1062 unumne

58 1155 96 1203 its
107 1153 218 1216 Cuning.
234 1161 262 1203 et
279 1161 339 1204 rute
358 1162 496 1219 utrumque
512 1155 638 1206 Borhsrt.
658 1153 766 1204 Hieros.
778 1165 823 1204 ιιι.
833 1152 867 1202 s:
883 1151 1019 1201 lessi-29
1036 1146 1151 1198 certem

59 1218 234 1279 (lunium—tl
254 1219 372 1279 cnm,
386 1219 517 1269 medatis
527 1233 592 1269 uuus
608 1217 771 1280 sennium,
786 1224 814 1267 et
824 1217 901 1267 Deis.
913 1220 937 1265 l.
971 1214 1076 1263 Cedunt
1086 1225 1150 1260 vere*

56 1283 133 1343 desti
143 1286 167 1331 et
178 1282 293 1343 trilingue
306 1298 358 1332 ver.
371 1285 432 1333 lect·
444 1297 485 1348 sp.
495 1283 588 1335 lones.

552 1437 659 1488 Now

58 1547 232 1604 senciendum,
249 1559 293 1592 seu
312 1545 344 1592 etl
368 1544 462 1592 beilum
481 1558 586 1593 moven-
621 1546 684 1594 tlibi
695 1548 798 1610 quidem
809 1550 1000 1598 annotavimus:
1018 1545 1077 1595 iude
1088 1558 1150 1594 sero

58 1616 502 1681 dum‚psrstssetseeomnrsslstus.
522 1617 586 1666 Dio·
621 1620 745 1682 pleraque
758 1622 811 1670 veri
824 1622 875 1670 Dei
893 1623 1017 1671 miraculs
1033 1621 1151 1684 expisce-

58 1696 115 1745 ἀοι.
128 1696 174 1744 cit.
186 1695 259 1742 luco:
277 1692 407 1744 ‘Quidem
419 1693 547 1756 duplicem
560 1693 584 1741 ei
623 1700 664 1742 tos
675 1693 838 1758 imitstosque
849 1693 1008 1743 fabulatores
1019 1694 1090 1743 selsis
1104 1709 1151 1742 nu·

58 1771 166 1821 formem
186 1770 336 1819 rtrribntrm
354 1770 451 1831 volunt,
464 1770 584 1832 quonism
622 1768 733 1818 minibus
751 1776 780 1819 et
798 1770 918 1819 heroibus
938 1770 990 1818 suis
1009 1767 1152 1831 effinxisse,

61 1848 172 1897 ebrietes
183 1853 209 1892 et
220 1845 358 1893 iracundos
376 1844 475 1894 efficiet
486 1851 514 1895 et
522 1846 587 1895 hile·
623 1847 718 1896 sciolus
729 1847 892 1912 quinquevir
904 1848 1012 1910 ignoret.
1041 1844 1079 1895 At
1090 1860 1152 1895 curu

60 1920 118 1969 res!
134 1920 248 1968 Medium
258 1919 319 1968 belli
327 1921 449 1984 petisque
460 1922 587 1970 ‘cumsim-
624 1921 650 1971 id
663 1921 766 1971 sbuude
777 1923 868 1985 probet
879 1929 906 1971 et
917 1921 1037 1971 ostendet
1048 1921 1089 1970 vel
1101 1936 1153 1970 uns

60 2011 118 2045 uem
130 1999 136 2020 '
155 1997 342 2058 interpretetus
353 2010 419 2056 sum,
431 2011 465 2046 ex
484 2010 523 2046 eu
532 1997 589 2046 loro
625 1996 680 2045 hec
692 1994 760 2057 Ode,
770 2010 820 2045 nun
831 2004 871 2046 est
885 1997 980 2045 leviter
997 1997 1153 2059 pretermit-

61 2071 141 2120 0vid.
152 2071 219 2119 Met.
232 2083 299 2120 xvir.
314 2075 371 2119 ³97.
390 2074 398 2098 ⁶
412 2071 501 2120 Litets
517 2085 588 2119 rom·
627 2070 714 2132 tende,
724 2072 785 2135 quin
802 2086 854 2121 rem
869 2072 970 2134 penitus
982 2071 1153 2131 exesttisruus,

60 2147 144 2196 munis
162 2145 252 2194 mediis
271 2159 401 2209 pueroque
421 2145 526 2208 viroque
544 2145 587 2194 lu·
627 2154 706 2208 etque
723 2148 799 2208 psulo
817 2146 922 2195 otiosius
942 2146 1106 2208 inspiciamus
1126 2154 1153 2193 et

60 2224 158 2286 scripte
169 2230 210 2271 est
221 2221 305 2271 iuliis!
628 2226 826 2282 perscrutemur.
860 2221 998 2269 Enimvero
1012 2228 1110 2283 qrrsuts
1126 2227 1154 2269 et

94 2301 126 2345 29
145 2297 178 2344 Te
200 2296 360 2346 sitivimus
380 2292 506 2356 Cerberus]
523 2293 588 2342 Cum
627 2304 691 2358 quot
711 2294 886 2343 sttrilsuuntur
905 2295 1019 2354 Baculus,
1035 2310 1091 2357 que
1113 2292 1154 2343 vei

63 2374 95 2421 sd
112 2372 214 2421 lnferos
234 2371 344 2433 denique
361 2370 529 2430 descendisti,
542 2370 587 2418 Se·
630 2369 808 2428 Narcissum,
821 2369 860 2416 vel
873 2368 952 2429 ipsius
966 2368 1079 2428 Moysis?
1095 2368 1154 2417 Siu-

63 2448 147 2495 melen
169 2455 286 2503 matrem,
301 2447 350 2502 vel,
368 2453 396 2494 ut
412 2446 454 2494 ulii
475 2454 589 2505 uerrunt,
628 2445 685 2507 gule
696 2445 910 2507 perstringamus:
922 2456 1028 2505 qttorunt
1042 2443 1156 2504 plurime

64 2521 192 2566 Ariadnen
206 2521 340 2580 conjugem
352 2519 412 2565 inde
426 2519 588 2575 reducturus,
628 2520 763 2569 tentenelii
780 2533 830 2567 uon
850 2518 958 2567 sbsurde
972 2519 1026 2580 jem
1039 2519 1154 2579 protule-

62 2592 155 2639 nedum
174 2593 219 2639 tibi
236 2593 353 2639 nocuerit
365 2591 499 2652 Cerberus,
512 2593 588 2642 immo
629 2602 697 2651 runt,
716 2602 934 2657 oerupsruntqne.
976 2594 1094 2642 Bacchus
1117 2594 1155 2641 in-

62 2673 133 2715 tuum
151 2679 244 2713 numen
261 2664 386 2712 reveritus
397 2674 446 2726 est,
456 2667 538 2715 esudu
551 2669 587 2716 le·
628 2678 718 2720 ventor
735 2671 795 2730 viui,
806 2670 925 2732 vitesque
942 2669 1060 2731 plantare
1076 2668 1155 2716 ‹locu-

62 2742 132 2789 niter
143 2740 366 2798 motsblsudiens,
377 2739 454 2789 tibiss
469 2742 548 2791 etism
559 2751 586 2793 et
626 2746 815 2808 issejsctstur.
851 2743 957 2792 Diodor.
980 2745 1058 2793 Sicul.
1079 2757 1104 2791 v.
1129 2748 1154 2792 l.

62 2818 142 2879 pedes
154 2816 275 2864 lambens.
293 2816 332 2863 De
343 2816 455 2865 Cerbero
468 2818 543 2881 plurs
554 2819 586 2868 sd
628 2823 709 2884 Atqui
721 2821 769 2870 lsoc
781 2822 858 2884 louge
876 2820 960 2869 verius
978 2819 1083 2868 Noscito
1098 2821 1156 2867 viu·

64 2894 115 2942 ou.
127 2908 189 2943 xus.
203 2894 278 2957 hujus
291 2894 357 2948 libri,
369 2895 416 2942 sub
427 2894 511 2943 fiuent·
627 2897 737 2955 dicutur,
754 2897 850 2947 Genes.
869 2907 909 2942 rx.
931 2900 972 2943 20.
994 2894 1036 2943 ubi
1054 2901 1079 2942 et
1100 2894 1155 2941 ine·

95 2972 174 3019 Aureo
187 2971 267 3018 Cornu
280 2968 399 3030 decorum]
422 2959 525 3018 Curuus
542 2970 587 3017 tri·
629 2971 726 3019 briutus
738 2970 780 3018 ille
794 2978 820 3017 et
829 2970 940 3017 nudatus
952 2969 976 3014 in
987 2967 1156 3015 tebernscnlo

63 3046 176 3095 buuntur
197 3047 309 3105 Baccho,
332 3047 399 3107 quod
420 3045 586 3094 immoderate
627 3061 682 3106 suo,
705 3060 753 3094 uec
779 3058 828 3092 nou
852 3043 942 3104 tnsjori
966 3040 1019 3088 fillo
1042 3040 1156 3088 ludibrio

63 3119 181 3168 bibentes
190 3122 332 3184 quemlibet
344 3120 446 3168 elisium
458 3119 536 3168 ferire
548 3135 587 3168 so·
627 3122 728 3170 habitus
746 3118 871 3168 refertur:
892 3132 949 3181 que
970 3115 1003 3164 sd
1023 3117 1156 3165 Bseclium

63 3193 142 3242 leant.
160 3197 234 3242 Unde
245 3205 271 3243 et
280 3205 354 3242 latito
365 3195 471 3244 similem
480 3195 588 3256 iaciunt,
627 3197 779 3244 trsnstulere
791 3194 845 3242 fere
857 3193 951 3242 omnis.

64 3267 141 3326 quod,
152 3268 257 3326 perinde
268 3278 294 3315 ut
304 3269 356 3329 ille,
367 3268 469 3317 bibaces
477 3271 528 3318 siut
538 3270 586 3317 irs·
660 3271 776 3319 Bacchus
789 3270 813 3316 ln
825 3268 903 3330 sylvis
920 3276 948 3316 et
963 3268 1067 3330 rupibus
1082 3266 1156 3328 Ssty·

63 3339 139 3386 eundi
154 3350 180 3387 et
198 3342 307 3400 petulci:
327 3350 394 3390 teste
406 3343 530 3392 Atheneo
541 3345 585 3393 lib.
627 3346 661 3392 ris
679 3353 705 3392 et
726 3345 805 3391 Musis
823 3344 978 3391 documenta
992 3344 1060 3391 veris
1077 3342 1157 3389 trudi·

63 3427 81 3460 1.
110 3415 331 3464 Nunitstisletur
348 3417 379 3464 sd
399 3432 451 3464 reru
468 3420 536 3479 quod
554 3436 586 3468 ex
626 3422 673 3469 dit.
708 3418 1158 3480 NosclutspostDilurium‚devss·

62 3487 153 3536 eodem
165 3490 288 3538 Atltenaeo
297 3490 591 3555 sfferuutquislnnt‚cor·
629 3503 684 3544 tatu
696 3508 726 3542 ac
739 3495 764 3542 iu
776 3494 938 3541 solitudinem
957 3491 1061 3537 reductu
1073 3497 1156 3549 terre,

64 3577 113 3609 nus
123 3578 168 3624 pro
178 3566 273 3625 poculis
281 3565 357 3613 titisse
366 3569 440 3615 olim:
456 3584 502 3617 nec
511 3570 589 3631 quoti,
627 3574 659 3619 de
673 3573 744 3619 cultu
758 3570 805 3616 Dei
819 3575 952 3630 precepta
963 3563 1105 3611 hominibus
1117 3578 1156 3611 se·

63 3652 95 3685 ex
106 3639 232 3699 Diodoro,
241 3640 324 3687 libus.
336 3644 431 3703 primus
441 3645 482 3692 ille
493 3651 588 3691 terrant
627 3645 688 3693 dulo
701 3644 848 3692 inculcavit.

61 3719 158 3780 junctis
175 3718 254 3764 bobus
272 3721 431 3767 exercuerit:
451 3722 588 3768 nmttomi-
663 3721 780 3768 Baceltus
805 3731 891 3764 amnes
917 3724 944 3763 et
972 3729 1041 3762 mure
1064 3713 1155 3764 flexile

64 3810 110 3840 uus
131 3794 197 3856 ‹ptiod
222 3794 288 3840 idem
309 3794 368 3840 alibi
389 3795 432 3852 uit,
454 3803 587 3842 cornutium
630 3796 750 3843 Nuucluts
774 3807 895 3855 uquarum
921 3792 1066 3839 eluvionem
1095 3806 1156 3841 erce

64 3868 113 3915 diri
134 3870 271 3931 lincolium,
284 3869 315 3915 ob
328 3882 434 3915 sctinteu
450 3870 474 3916 in
488 3870 587 3930 excogi-
628 3874 719 3929 erasit,
731 3869 921 3931 superavitque.

66 3945 149 3991 luridis
163 3947 237 3993 rebus
251 3947 281 3993 ud
295 3947 371 3992 vitum
384 3943 496 3991 utilibus.
662 3949 776 3995 Bacchus
788 3945 913 4005 Gigantes
925 3944 985 3993 lovi
998 3943 1089 3990 bellurn
1102 3956 1155 3989 nto·

93 4021 311 4069 (Teteruntsaeros
320 4020 417 4082 Moysis
426 4019 514 4067 Libros
522 4018 588 4066 haud
629 4032 718 4070 ventes
731 4022 896 4085 expugnavit.
932 4019 987 4068 Nu‘sss
997 4018 1090 4066 Cltsmo
1102 4017 1156 4064 tilio

67 4091 590 4159 litium-isAuctoribusincognitusl'uisse,
630 4098 705 4157 iurpie
730 4112 757 4144 se
780 4096 915 4146 colendum
938 4093 1054 4143 Numinis
1073 4094 1155 4140 iustus
