2408 4200
378 310 586 360 erasmus
607 310 683 358 nna
704 312 729 358 1.
749 295 806 360 27.

221 445 354 524 Quanta
365 450 541 512 laborabas
556 449 736 532 Charybdi,

263 549 368 629 Digne
380 567 462 630 puer
475 549 610 612 meliore
624 551 779 613 flamma!

178 645 265 724 Qua
278 667 368 729 saga,
383 649 457 729 quis
470 653 501 711 to
518 650 650 711 solvero
666 648 839 711 Thessalis

177 745 299 827 Magus
315 749 458 839 venenis,
473 748 548 830 quis
562 748 682 830 poterit
696 747 815 811 Deusl

53 953 163 1026 lactaria!
195 957 358 1031 Oadolescess
369 959 527 1033 clementiores
538 972 629 1033 naam
638 960 737 1007 mefites
750 957 830 1012 striati.
866 958 952 1019 Ergaae
962 957 1134 1066 “actitarat

53 1019 270 1069 urmtatrrbcrbn
288 1036 302 1070 r
320 1022 441 1071 Thessalas
457 1036 588 1083 samara,
600 1024 660 1085 qaod
681 1023 779 1070 Names
796 1026 819 1069 ts
835 1025 905 1083 gasat
922 1021 1047 1082 κρήνη

52 1313 194 1363 ‘ridentia’
227 1317 268 1364 Ab
279 1316 351 1365 miser
360 1317 443 1363 ceteri
462 1314 538 1363 codd.
553 1323 581 1364 et
598 1317 749 1378 vulga-m
763 1315 831 1362 ‘Vix
850 1327 914 1362 unus
928 1313 1027 1362 alterve
1044 1313 1136 1376 codex,

54 1377 180 1425 laboraris
191 1378 235 1424 Cb.
248 1386 275 1427 et
286 1377 340 1426 fere
352 1379 377 1425 is
387 1384 427 1426 ast
438 1392 453 1425 a
465 1393 499 1426 m.
510 1393 530 1425 s·
563 1380 597 1427 Et
609 1389 702 1439 tamen,
712 1378 780 1442 qnod
790 1377 852 1426 satia
864 1377 949 1425 mirari
961 1390 1011 1425 nou
1024 1391 1137 1439 porrum,

54 1441 92 1488 sie
104 1441 201 1488 Vener.
210 1445 281 1490 1⁶9⁰.
299 1441 357 1489 Ald.
367 1440 457 1489 hamb.
466 1442 518 1489 Cro
537 1474 544 1490 .
556 1442 661 1490 Arcens.
671 1442 749 1503 Rutg.
759 1441 823 1490 Feb.
836 1440 924 1503 Staph.
939 1438 1029 1488 Heius.
1039 1440 1136 1489 Daear.

54 1503 140 1550 Bentl.
152 1504 218 1551 Cun.
235 1505 330 1553 Dacer.
347 1504 435 1554 dones.
450 1457 544 1553 bened.
571 1505 700 1553 Putarnnt
711 1505 770 1552 VV.
780 1504 838 1552 DD.
848 1516 948 1552 sensum
961 1506 996 1551 ita
1012 1503 1138 1565 poscere!

53 1565 122 1613 Jasr'.
139 1565 259 1613 laborabas
269 1567 396 1629 Porphyr.
409 1574 461 1615 tres
473 1568 586 1616 Lambin.
593 1568 781 1633 antiquissimas
792 1567 885 1615 Bland.
895 1567 957 1614 item
967 1567 1032 1617 alins
1042 1564 1135 1614 Bland.

54 1627 136 1676 Mald.
147 1642 234 1678 omnes
245 1631 382 1690 Torrentii,
394 1637 446 1679 tres
458 1631 558 1681 Febris.
571 1632 659 1681 Huuu.
678 1631 810 1680 Gsmblac.
822 1635 846 1680 1.
856 1634 882 1678 2.
902 1629 974 1678 laid.
993 1629 1090 1679 Zalich.
1108 1636 1136 1677 st

56 1690 152 1738 Battel.
169 1694 475 1752 monumemtum.
492 1695 613 1743 Torreat.
631 1705 659 1744 et
678 1695 755 1742 Bast.
772 1694 863 1742 laborm
884 1694 998 1741 Cbaribdi
1013 1693 1087 1742 Gott.
1107 1700 1135 1740 et

54 1754 160 1802 Vanctt.
171 1768 212 1816 ap.
223 1755 367 1805 Germ-20
384 1754 454 1819 Lina.
464 1760 489 1805 t.
508 1758 748 1817 melioremus—21
766 1758 892 1806 Thessalas
903 1757 1002 1805 emend.
1015 1756 1096 1803 With.
1108 1763 1136 1802 et

53 1815 153 1866 aicdlt.
166 1822 254 1867 2.-22
272 1820 431 1869 Laches-ota
438 1821 600 1882 poterit-28
618 1822 726 1871 Quidam
744 1821 818 1869 Febr.
830 1828 857 1869 et
876 1820 947 1883 Lips.
960 1824 982 1868 l.
1001 1818 1136 1878 tetrisorrai.

542 1980 651 2030 NOTAE

89 2104 119 2147 19
131 2100 262 2163 Charybdi]
277 2104 339 2152 Tam
349 2107 490 2168 pericnlose
499 2123 578 2171 amas,
619 2123 706 2158 verum
730 2110 772 2164 sit,
794 2107 914 2171 quicquid
937 2105 980 2154 illo
1004 2102 1063 2152 freti
1085 2109 1138 2151 tur·

55 2190 200 2239 quarncnm
212 2179 340 2243 Charybdi
357 2183 491 2233 luctarere.
524 2187 578 2236 Sci·
619 2183 677 2232 bine
689 2182 823 2246 abreptum
840 2190 888 2245 est,
906 2195 953 2244 per
969 2181 1050 2228 multa
1060 2178 1140 2227 millia

56 2250 118 2299 licet
145 2253 268 2313 ejusmodi
295 2255 428 2306 mulierem
455 2257 577 2323 deperiri
618 2256 704 2308 trahi!

57 2323 95 2373 Ah
119 2327 195 2375 miser
216 2329 328 2390 periiati:
356 2333 455 2381 meliori
478 2334 578 2397 profec-
650 2338 679 2381 21
701 2332 760 2386 Qaoe
781 2344 847 2391 saga,
869 2328 923 2391 tra]
946 2328 1010 2377 Cum
1032 2323 1141 2373 videaris

55 2406 81 2447 to
109 2409 179 2450 sorte
212 2409 240 2451 et
270 2418 354 2454 amore
385 2406 476 2469 dignus
513 2424 578 2458 eras.
619 2406 758 2456 farclnoet
773 2402 969 2452 incantamentis
987 2409 1039 2449 tam
1057 2399 1141 2462 pemi-

55 2475 174 2537 Cbarybdr'
184 2479 267 2525 omnia
277 2478 424 2530 absorbenti
434 2482 498 2532 bene
510 2499 578 2533 com·
618 2483 687 2531 cioso
708 2481 787 2528 amori
805 2478 954 2540 implicitus,
971 2476 1014 2524 Vix
1031 2480 1141 2538 ¹l‘lmet

56 2557 160 2610 paratur
172 2564 246 2599 avara
257 2556 389 2603 meretrix.
414 2557 505 2605 Cicero
518 2557 579 2605 Plri-
619 2555 767 2605 salutisuia.
801 2553 943 2605 eriaenim
959 2559 985 2600 te
1002 2551 1140 2600 bonroma-

58 2625 147 2687 lippic.
165 2639 195 2673 n.
218 2628 290 2690 ‘quse
310 2629 451 2693 Charybdis
468 2638 520 2680 tam
536 2644 579 2678 vo·
620 2630 683 2691 gicis
702 2629 801 2677 artibus
818 2629 925 2690 pollens,
946 2626 1001 2690 quis
1019 2632 1047 2674 et
1067 2625 1141 2672 Deus

59 2699 134 2746 raxi’
160 2703 207 2749 Est
219 2704 323 2765 proprie
342 2719 446 2766 vorago,
463 2720 509 2753 seu
521 2719 579 2767 gur·
619 2703 743 2768 expedire
770 2712 845 2767 queat
872 2702 945 2752 t‘atsli
973 2702 1046 2749 velot
1071 2713 1140 2746 nexu

58 2786 103 2832 gea
125 2774 264 2823 vorticosus
290 2779 315 2824 in
338 2776 407 2825 freto
428 2779 525 2838 Siculo,
546 2778 578 2827 ad
619 2780 750 2828 astrictum
767 2786 844 2841 atque
859 2776 1003 2839 illigatum?

58 2845 211 2909 Messanam,
228 2849 312 2904 hodie,
326 2851 391 2911 capo
405 2851 431 2898 di
440 2851 512 2908 Fara,
531 2852 580 2916 vel,
646 2851 767 2902 'iltcrsabs
784 2854 872 2912 Magna
882 2846 986 2908 ommis]
1001 2843 1140 2894 venenatis

57 2919 121 2980 Cano
140 2921 212 2981 Fare,
231 2923 263 2971 oh
282 2923 394 2971 Pharum
413 2924 465 2975 illic
481 2927 578 2976 excita·
618 2935 645 2976 et
675 2928 706 2977 ad
742 2930 931 2975 incantamenta
961 2919 1142 2970 efficacissimis

55 3001 116 3042 tam.
142 2997 301 3045 Fabulantur
312 3007 398 3048 autem
416 3008 529 3050 scortum
540 3000 578 3049 t‘u·
618 3003 703 3050 herbis
716 2999 879 3045 in'l'bcrsalia
888 2998 991 3057 copiose
1002 2994 1141 3043 crescenti-

55 3068 104 3114 isse
122 3073 263 3132 rapacitate
283 3071 416 3133 famosum,
432 3076 501 3135 qnod
521 3089 579 3123 cnm
620 3075 675 3122 boa.
710 3068 790 3114 Aiunt
801 3069 918 3113 nimirum
936 3066 1036 3122 Polite,
1053 3062 1142 3108 Mede-

58 3138 177 3187 Hercul'rs
200 3145 350 3190 abduxisset
371 3145 460 3201 boves,
480 3161 495 3192 a
514 3147 581 3194 Jove
621 3158 661 3190 am
678 3141 737 3187 illac
758 3137 911 3197 fugientem,
930 3137 990 3182 abre
1008 3135 1143 3195 sublatam,

59 3211 229 3270 fulminatum,
252 3218 278 3260 ‘ru
300 3229 370 3260 mare
390 3217 582 3275 praecipitatum
623 3214 771 3267 scriniolum
780 3211 909 3260 veneficiis
927 3219 953 3259 et
969 3210 1055 3257 herbis
1066 3213 1143 3272 magi·

59 3292 99 3333 est
113 3293 190 3347 atque
211 3287 235 3333 iu
250 3285 316 3332 hanc
337 3287 483 3347 voraginem
501 3294 583 3334 muta·
623 3291 659 3338 cis
678 3288 778 3348 plenum
798 3285 931 3347 dejecisse,
950 3285 1037 3347 sicque
1056 3299 1145 3346 aparsa

61 3368 124 3408 tum.
148 3359 474 3421 Virgit.AEneid.1n.4ao.
497 3360 583 3408 ‘nex-
624 3363 667 3411 illa
679 3361 823 3424 pullulasse.
856 3358 1145 3422 Apuleiusapud'l'her-

60 3441 129 3480 trum
140 3432 225 3493 Scylla
241 3435 317 3488 latus,
336 3436 428 3483 laevum
446 3435 585 3498 implacata
623 3439 709 3486 saliam
720 3437 745 3484 iu
757 3437 851 3484 asinum
870 3451 897 3484 sa
909 3443 1033 3483 mutatum
1045 3431 1144 3490 scribit,

62 3508 204 3570 Charybdis
215 3509 340 3558 obsidet:
358 3519 434 3574 atque
445 3513 494 3560 imo
510 3512 583 3560 hara-
623 3511 793 3572 Metamorph.
804 3525 849 3558 seu
860 3510 891 3558 de
903 3512 975 3558 asino
987 3521 1079 3557 aureo:
1098 3506 1145 3552 ibi-

62 3583 112 3630 rlrri
124 3590 165 3630 ter
180 3583 280 3642 gurgite
300 3592 383 3631 vastos
398 3586 491 3634 Sorbet
502 3589 527 3634 in
539 3587 583 3634 ab·
622 3586 732 3648 demque
747 3585 871 3633 describit
884 3584 1052 3633 veneficarum
1068 3583 1146 3628 Thes-

62 3666 165 3718 ruptum
183 3655 352 3714 fluctus,’&c.
381 3658 479 3706 Seneca
490 3659 522 3707 ad
536 3662 583 3708 Lu·
623 3662 732 3710 salarum
754 3666 916 3720 apparatum,
939 3667 1025 3719 atque,
1054 3664 1082 3703 nt
1111 3655 1146 3701 ait

61 3733 147 3781 cilium
159 3750 165 3780 :
191 3733 199 3757 ‘
212 3732 355 3793 Charybdis
377 3747 408 3780 an
429 3734 582 3796 respondeat
622 3739 687 3798 ipse,
698 3737 706 3762 ⁶
718 3733 823 3781 feralem
836 3732 982 3780 officinam!
1001 3732 1066 3778 Vide
1078 3732 1145 3779 Ptin.

61 3807 163 3867 fabulis,
173 3807 297 3868 perscribi
310 3808 367 3854 milri
380 3807 505 3856 desidero.
532 3810 582 3858 Fac
623 3820 692 3857 xxx.
712 3811 735 3854 1.
758 3807 799 3853 uhi
822 3815 849 3852 et
870 3804 953 3852 refert
976 3806 1146 3854 Menandrum

65 3871 585 3935 noscentinrcsutrumunotantumveuto
624 3881 775 3932 Thessalam
806 3880 997 3940 cognominasse
1029 3878 1147 3941 tabulam,

68 3968 156 4018 agatur
168 3961 192 4007 in
204 3959 328 4019 vortices,
339 3973 370 4005 an
382 3961 463 4007 omnis
475 3966 585 4022 tempes-
625 3955 800 4016 ‘complexam
810 3952 930 4015 ambages
939 3952 1094 4007 foeminarum
1104 3957 1149 4005 dc·

69 4040 107 4080 tas
123 4035 183 4083 illud
205 4049 274 4085 maro
298 4042 482 4099 contorqueat:
509 4045 536 4086 et
554 4051 585 4086 au
627 4029 780 4083 trahentium
789 4026 906 4079 hunam!
