2408 4200
415 255 450 314 o.
473 253 634 304 nonnrrr
660 254 795 306 nascor

273 392 444 476 Sedesque
459 395 620 461 discretas
635 397 777 480 piorum,
792 404 827 460 et

316 493 437 558 AEoliis
452 495 574 560 fidibus
589 500 780 579 querentem

58 671 115 723 eilia
134 677 251 736 seponto,
267 681 291 723 st
302 672 394 739 Sappho
405 676 498 726 chordis
509 676 596 726 AEoliis
609 676 832 740 machinando
842 673 975 738 nictimine
983 675 1070 738 patria
1080 690 1128 727 ssa
1139 688 1150 733 ,⁴

515 803 692 827 MNOWO

59 899 158 946 Bsrsm.
176 898 278 948 cidissus
294 899 385 949 AEseon
404 901 579 964 Conium-tt
596 901 714 964 Sedesqae
731 903 857 966 Mptaa
876 907 977 964 septem
994 899 1084 948 hosi).
1100 898 1151 950 dno

60 961 139 1024 Cruq.
171 962 206 1010 Et
226 963 262 1010 sic
280 963 460 1028 Lamberuq.
547 965 606 1013 'tas
636 966 721 1014 uldam
732 966 823 1015 Lamb.
834 966 921 1014 Puim.
933 964 1021 1013 Hunn.
1032 971 1060 1013 et
1071 963 1150 1013 Gens·

59 1023 127 1073 blac.
139 1030 162 1074 l.
174 1029 198 1074 ².
215 1025 266 1074 duo
279 1026 377 1077 Bersm.
388 1042 452 1076 unns
463 1028 544 1092 Cruq.
579 1035 624 1077 ent
634 1028 668 1077 eil
680 1029 790 1079 cantab.
805 1029 916 1078 Helmst.
936 1028 1044 1090 Frsueq.
1060 1025 1152 1076 Heius.

58 1087 149 1150 Steph.
166 1087 228 1137 Feb.
248 1096 277 1138 et
295 1091 390 1140 Dacer.
423 1090 474 1140 Sed
491 1093 606 1141 ἀὶκτιέω
626 1091 688 1142 Aer.
705 1094 834 1156 Porphyr.
849 1093 949 1141 Comm
967 1092 1046 1152 Crnq.
1064 1103 1152 1138 ornnes

59 1152 140 1215 Cruq.
158 1160 254 1213 prater
272 1152 332 1216 dno,
347 1168 437 1204 omnes
455 1153 578 1205 Torreat.
596 1169 685 1205 omnes
704 1156 792 1205 Bentl.
808 1162 904 1218 prater
924 1167 1011 1214 nunus,
1028 1153 1114 1201 Polrm
1125 1156 1150 1201 t.

58 1214 168 1264 Mentel.
178 1214 244 1264 hltt.
257 1216 340 1278 Lipss.
353 1217 430 1266 Desa.
440 1219 548 1268 Veneti.
559 1217 622 1269 Asc.
634 1220 743 1269 [socher.
756 1218 833 1268 Fabr.
844 1219 932 1267 Bentl.
945 1219 1009 1267 Cnn.
1019 1217 1079 1266 San.
1089 1215 1151 1266 Jou.

59 1279 138 1328 Bast.
153 1279 220 1328 Sivr.
240 1280 336 1343 Delph.
357 1282 441 1331 Bond.
455 1282 670 1340 Scbrerel..iaui‚
681 1283 788 1333 blltscb.
799 1283 906 1346 Bipont.
924 1281 1032 1330 Wetsel.
1051 1277 1152 1328 Wakef-

59 1350 88 1391 et
99 1341 178 1391 Kidd.
195 1344 328 1393 ‘Praestat
347 1344 469 1394 etiamsb
487 1345 608 1410 enargia!
623 1346 693 1396 «lusi.
723 1347 831 1410 primos
851 1359 903 1395 var.
920 1345 981 1394 lect.
998 1358 1041 1407 sp.
1063 1343 1152 1394 leues.

549 1470 657 1519 NOTIE

91 1567 123 1611 28
141 1562 257 1623 Sedeaqae
274 1561 388 1608 obortas
404 1560 508 1623 piorum]
525 1562 586 1623 Ely·
626 1575 738 1610 amorem
748 1564 854 1625 Sappho
864 1566 985 1613 incidisse
993 1578 1040 1626 per
1049 1562 1154 1612 herbam

61 1637 110 1685 sios
123 1649 237 1697 campos,
248 1647 311 1697 quos
323 1634 446 1683 describit
457 1642 485 1683 et
498 1634 586 1683 tantist
625 1643 730 1685 centnm
741 1639 828 1698 ospits
839 1645 1023 1698 nuncupatam,
1031 1638 1103 1697 cujus
1116 1650 1156 1684 rs-

59 1710 150 1772 Vlrgil.
167 1708 266 1756 AEneid.
286 1721 323 1756 vr.
340 1712 396 1757 688.
423 1708 524 1770 Legunt
543 1709 585 1757 alii
626 1709 670 1759 dix
682 1724 739 1758 rara
751 1709 853 1774 quidem
868 1709 1083 1771 iuventn,quibna
1094 1723 1155 1757 cou-

59 1785 194 1846 discriptns.
203 1783 245 1831 alil
256 1782 393 1844 descriptus,
405 1783 431 1830 id
447 1790 496 1844 est,
505 1783 586 1844 assip·
626 1784 724 1847 tigerit,
735 1783 860 1833 amabiles
867 1782 940 1834 facit.
962 1782 1044 1831 Porro
1054 1797 1086 1831 ex
1095 1783 1155 1831 Sui·

60 1866 135 1908 natus
145 1864 301 1906 scnotatas:
319 1856 537 1905 diametashabeut
549 1863 586 1905 ta·
626 1857 669 1919 da,
684 1858 747 1908 lteus
763 1872 796 1906 ex
815 1858 924 1920 AElisno,
936 1857 1032 1920 duplex
1048 1857 1155 1919 Sappho

60 1948 120 1982 men
132 1931 222 1994 optimi
241 1930 359 1990 codices,
376 1938 404 1978 et
415 1945 464 1978 vox
474 1930 518 1979 ills
530 1931 586 1995 pul·
625 1933 685 1994 luit,
702 1941 812 1997 utraque
832 1948 847 1982 a
863 1933 950 1982 Lesbo
967 1933 1064 1981 insula:
1084 1932 1156 1994 prior

61 2007 150 2057 chrum
162 2020 223 2055 sane
241 2020 271 2054 sc
287 2004 401 2054 nobilem
419 2018 520 2054 sensnm
533 2003 586 2054 effi·
626 2009 725 2071 Etesia,
737 2008 828 2066 hinni,
846 2007 998 2069 Stesichori,
1013 2014 1042 2057 et
1054 2008 1155 2056 Pittaci

60 2082 107 2144 cit,
118 2089 148 2129 nt
159 2080 218 2130 boni
228 2080 393 2142 designentur
404 2096 420 2129 a
431 2081 545 2145 reliquis,
560 2090 588 2132 et
626 2091 768 2148 conteneo,
787 2099 845 2147 quta
866 2091 918 2133 tres
933 2084 1052 2133 habuisae
1072 2082 1156 2132 fertur

62 2157 162 2220 evulgo
170 2157 308 2221 segregati.
330 2156 475 2220 SicVirqil.
487 2156 586 2207 AEneid.
628 2159 728 2209 sodales
745 2174 792 2208 sen
808 2161 901 2209 amicas
919 2167 979 2209 anta
991 2167 1155 2219 memoratas,

61 2237 155 2282 vass.
174 2234 244 2282 ‘uon
255 2247 295 2280 me
309 2233 386 2295 impia
404 2247 514 2297 namque
525 2233 587 2282 Tar·
628 2235 754 2298 plectrum
777 2234 915 2295 invenisse,
938 2234 1070 2296 scripsiese
1092 2248 1154 2282 vero

63 2308 234 2370 tarahabeut,
251 2309 390 2371 tristesque
409 2307 522 2368 umbrae;
541 2306 586 2356 sed
628 2309 776 2372 Lyricorum
797 2308 944 2357 carminum
964 2309 1044 2357 libros
1055 2321 1155 2368 norem,

61 2397 161 2432 anroeua
173 2385 270 2446 piorum
283 2382 408 2443 concilia,
421 2381 587 2445 Elysiumque
629 2384 832 2446 Epigrammata,
854 2383 965 2444 Elegiae,
992 2381 1105 2442 lambos,
1127 2387 1154 2429 ct

62 2459 137 2507 colo*
629 2456 772 2504 Monodias.
789 2457 1152 2518 PosteriorMitylenuss,ane

95 2538 126 2581 et
144 2534 231 2582 AEoiis's
240 2533 331 2594 fidibus
342 2536 474 2594 querentem
485 2530 590 2593 Sappho.
628 2531 736 2592 psaltria
753 2530 842 2591 fuerit,
865 2531 958 2592 Lyrica
976 2529 1110 2592 scripserit
1128 2542 1155 2576 e·

61 2606 113 2668 lfa]
140 2608 181 2654 De
208 2608 372 2668 popularibus
397 2605 498 2668 puellis,
525 2620 588 2668 quas
630 2608 700 2663 tiam.
712 2615 789 2669 atque
806 2608 839 2655 ob
858 2620 969 2655 amorem
983 2605 1094 2654 Phaonis
1105 2604 1156 2651 Mi·

63 2680 175 2740 amabat,
190 2680 296 2742 Sappho
308 2687 507 2742 conquerentem
519 2680 588 2742 qnod
630 2683 743 2745 tylenaei,
755 2697 769 2729 a
782 2697 832 2744 qno
844 2680 1026 2744 spernebatur,
1039 2679 1071 2726 de
1089 2680 1154 2726 Leu-

63 2754 87 2802 in
100 2767 185 2803 amore
193 2753 241 2801 sibi
252 2767 301 2801 non
311 2753 507 2816 responderent.
524 2754 588 2803 Tres
629 2765 686 2805 cate
699 2757 872 2818 promontorio
881 2755 906 2802 iu
918 2768 986 2802 mare
997 2768 1024 2800 se
1036 2752 1154 2815 precipi-

62 2843 123 2878 uero
141 2829 300 2891 potissimum
320 2829 410 2877 Suidas
427 2836 545 2878 recenset
556 2830 589 2878 ab
629 2837 681 2879 tem
693 2830 804 2878 dederit.
837 2829 876 2876 De
894 2842 946 2891 quo
964 2828 1023 2875 vide
1040 2841 1098 2891 quae
1111 2839 1155 2874 an·

62 2918 93 2953 ea
105 2904 222 2963 dilectas,
241 2904 342 2966 httbin,
359 2905 514 2965 Telesiliam,
533 2904 588 2952 Me·
629 2905 724 2953 notabo
738 2918 755 2954 r.
768 2904 851 2965 Epist.
865 2907 904 2950 te.
917 2907 957 2950 28.
969 2901 1001 2949 ad
1013 2903 1058 2950 has
1070 2914 1156 2962 voces,

63 2993 167 3042 pram:
187 2981 271 3040 plures
280 2979 388 3028 Ovidius
398 2980 493 3043 aliique
502 2995 590 3028 nrrrne·
628 2982 758 3029 'mascula
769 2978 893 3042 sappho:
924 2980 990 3027 Utut
1009 2977 1051 3034 sit,
1068 2990 1156 3038 quem·

62 3061 129 3102 rant.
155 3054 202 3102 Vel
220 3055 348 3117 zelotypia
367 3054 470 3116 Sappho
490 3054 590 3116 percita
629 3054 764 3103 admodum
782 3069 860 3101 unum
877 3052 1024 3109 Herculem,
1036 3050 1085 3096 etsi
1097 3050 1154 3111 pln-

62 3130 95 3177 de
119 3129 260 3189 virginibus
277 3129 376 3177 amatia
395 3129 588 3192 suisquereba·
628 3142 669 3177 res
691 3129 846 3187 extiterunt,
867 3125 1007 3185 nominant,
1029 3129 1056 3172 et
1085 3122 1154 3187 qnod

63 3211 114 3263 tur,
126 3204 192 3265 qnod
206 3204 314 3264 Phaoni,
325 3219 400 3267 quem
418 3205 473 3267 ipss
487 3206 588 3269 deperi-
629 3205 764 3253 multorum
774 3210 823 3261 est,
836 3201 919 3248 eidem
932 3199 1058 3257 tribuunt,
1071 3204 1099 3246 ut
1110 3198 1156 3247 ali·

63 3279 117 3338 bat,
130 3279 299 3336 adlsasrerent,
311 3281 416 3341 ejusque
424 3295 537 3329 amorem
547 3296 587 3330 re·
630 3280 655 3328 bi
670 3279 823 3336 notavimus,
840 3275 876 3323 ita
890 3289 964 3322 unam
977 3275 1083 3336 Sappho
1101 3275 1154 3322 vnl-

62 3353 205 3403 tardarent.
229 3353 305 3401 Ouid.
316 3355 399 3415 Epist.
412 3368 457 3403 xv.
471 3362 509 3404 lo.
523 3357 587 3420 Sap·
629 3368 661 3416 go
673 3352 814 3405 celebrant,
825 3349 946 3411 Sapphici
959 3348 1084 3397 Carminis
1095 3362 1154 3397 suo·

64 3431 127 3492 phua
143 3430 174 3475 ad
196 3428 342 3476 Phaonem:
362 3429 440 3477 ‘Nec
459 3444 500 3477 me
523 3422 587 3494 Pyr·
628 3436 719 3480 torem,
736 3431 787 3472 tum
805 3431 982 3472 veruntamen
1000 3426 1155 3486 elegantem,

64 3503 587 3565 rlsiudea,Methymniadesvepuellae,Nee
627 3509 655 3549 ut
671 3502 777 3549 decimas
795 3500 899 3562 quidem
913 3500 995 3547 Msusm
1012 3513 1155 3561 cognomen

63 3592 104 3626 me
118 3577 270 3625 leabiadum
290 3583 378 3623 cetera
395 3578 470 3625 turba
485 3579 587 3640 jtsvant.
627 3576 776 3624 obtinuerit.
809 3576 904 3621 ‘Veris
917 3576 1042 3633 nuntians,
1056 3574 1155 3622 blandi·

64 3654 129 3702 vitis
154 3652 380 3712 Amythoue,vilis
398 3653 458 3700 mihi
476 3654 586 3702 candida
627 3654 728 3714 loquum
750 3649 898 3699 lusciniam'
926 3658 1001 3698 vocat
1020 3650 1154 3711 Sophoclis

64 3729 171 3790 Cydno;
189 3727 247 3775 Non
259 3727 339 3774 oculis
352 3735 425 3787 grata
437 3730 587 3788 estAtthis,
626 3727 788 3774 Scholiastea.
823 3723 922 3769 Floruit
943 3739 1000 3770 enm
1021 3724 1155 3773 Alcaeoct

64 3809 175 3862 utente,
193 3802 272 3851 meis:
291 3801 377 3862 Atque
395 3803 452 3850 aliae
472 3810 585 3866 centum,
627 3802 784 3858 stesichoro,
797 3800 869 3844 aunis
888 3806 948 3845 aute
966 3799 1096 3846 Christum
1109 3800 1156 3848 cir-

63 3891 183 3938 qunsnou
195 3876 365 3924 sinecrhniue
379 3876 470 3925 aurati.
490 3877 587 3940 Impro-
629 3879 695 3925 citer
714 3874 852 3921 sexcentis.
885 3873 948 3933 Ejus
966 3883 1036 3935 tqum
1056 3882 1153 3935 tenrpo·

64 3950 105 4007 be,
116 3953 253 3998 nuntiarum
267 3950 333 4013 quod
346 3949 404 4009 tuit,
415 3965 478 3999 uuus
489 3953 587 4001 habea!
629 3966 682 3999 rum
696 3950 786 4011 injuria
799 3947 850 4009 est)
862 3949 929 4009 apud
943 3951 1024 3996 varios
1037 3959 1153 3998 asrctores

64 4022 159 4072 Narrat
179 4024 278 4071 Plinius
298 4029 406 4075 xx11.8.
426 4025 452 4073 ἰη
475 4026 586 4075 Plutonis
627 4039 727 4087 sparsas
741 4023 861 4086 quesdnus
875 4023 1019 4082 poematum
1032 4023 1152 4085 reliquias
