2408 4200
403 246 609 297 caanrnuu
635 244 708 294 ure.
732 248 784 294 ιν.
803 234 836 299 6.
1087 236 1158 303 587·

231 389 349 456 Rebus
364 391 482 455 AEneae
494 391 624 473 potiore
638 389 760 455 ductos

487 488 581 553 Alite
594 508 719 554 muros.

234 591 361 654 Doctor
375 597 500 670 argutae
515 589 635 654 fidicen
649 589 778 654 Tbnliae

236 691 376 767 Phoebe,
390 692 447 773 qui
462 690 604 754 Xantho
616 690 705 753 levis
720 708 816 753 amne
831 690 951 768 crines,

233 791 376 855 Deuniae
391 790 532 855 defende
547 789 651 860 docus
672 789 859 866 Gemoenee,

492 893 595 956 Levis
609 890 749 974 Agyieu.

63 1065 146 1114 AEaea
156 1065 271 1115 laboribus
281 1066 366 1115 moenia
370 1065 519 1124 felicioribus
529 1066 643 1129 numidis
652 1071 781 1117 exstructo.
818 1070 841 1117 0
853 1069 936 1132 Apollo
947 1069 1080 1128 ethernio,
1092 1069 1152 1117 rtr-

63 1129 103 1175 lr'oe
119 1130 173 1180 berre
189 1131 294 1180 ementis
310 1133 426 1194 eruditor,
436 1131 478 1194 qni
490 1131 587 1179 Xuetlto
598 1130 700 1194 flumine
720 1133 786 1180 brot
805 1132 1153 1196 contentionemque,

514 1273 694 1293 unewano

63 1369 140 1432 cinq.
151 1377 178 1419 et
190 1371 325 1419 Poimanui
337 1370 442 1420 netter!
458 1373 590 1421 dori-26
608 1374 615 1400 ‘
630 1373 723 1420 Ductor
738 1376 790 1419 tres
802 1371 924 1421 Torreot.
937 1371 1049 1420 Bentleii
1061 1372 1152 1433 Regin.

61 1441 89 1481 et
101 1435 208 1494 viroso.
226 1435 295 1496 Lips.
306 1439 330 1483 2.
343 1451 358 1482 a
369 1450 403 1483 m.
418 1451 455 1498 pr.
467 1443 492 1484 et
507 1437 611 1497 1.tps.t.
643 1431 780 1484 Torrenlio
792 1435 866 1483 ratde
882 1435 978 1484 arridet
993 1436 1050 1483 lraec
1062 1437 1153 1496 lectio,

62 1496 96 1544 ob
109 1505 193 1544 notam
207 1499 405 1559 appellationem
416 1493 544 1562 Apollinis
555 1498 720 1560 Menon-rheu.
754 1499 806 1547 Sed
818 1500 926 1561 primurn
939 1499 1025 1547 durius
1036 1498 1099 1547 ideo
1115 1499 1153 1547 di·

64 1568 167 1607 ceretnr
184 1559 295 1610 Phoebus
313 1562 405 1611 ductor
416 1565 529 1623 Thetim
548 1563 642 1613 deinde
662 1563 694 1612 ad
713 1564 867 1613 sententiam
888 1563 1082 1612 convenientior
1099 1563 1123 1609 b.
1135 1562 1153 1610 l.

63 1623 134 1670 notio
152 1623 272 1687 doctoris,
289 1640 363 1688 qnam
382 1627 513 1688 ductoris;
530 1627 641 1692 denique
658 1627 783 1688 ingratum
799 1629 876 1677 etiarn
892 1628 985 1676 Ductor
996 1627 1084 1674 statim
1096 1635 1154 1688 port

62 1686 153 1734 Bnctos
164 1702 201 1736 vs.
211 1692 252 1736 et.
288 1690 398 1751 Arguta,
416 1692 432 1740 l.
445 1707 468 1740 e.
481 1706 593 1752 canone,
608 1694 666 1754 (tu.
678 1691 730 1741 0d.
744 1697 783 1741 ll.
795 1691 847 1754 21.)
859 1691 971 1752 vrrlgerir
982 1690 1068 1738 lectio.
1101 1689 1153 1738 Sed

62 1749 161 1811 Argiue
174 1758 226 1799 tres
237 1754 356 1802 Torrent.
367 1755 480 1804 Bentleii
492 1756 579 1806 Graec.
592 1762 619 1806 et
631 1755 702 1805 leid.
714 1771 762 1820 pro
775 1771 827 1805 ver.
837 1758 898 1805 lect.
909 1755 978 1816 Lips.
987 1757 1011 1802 3.
1022 1758 1047 1803 l.
1066 1755 1154 1802 Burro.

61 1815 127 1863 Sirr.
162 1815 272 1865 Mirifice
292 1819 370 1867 etiam
391 1818 509 1868 Bentleio
531 1822 626 1882 placet.
660 1820 707 1867 Est
724 1820 790 1867 hand
808 1819 884 1866 dubie
905 1819 1152 1879 nnieereraleetio,

61 1892 118 1940 quas
131 1886 158 1927 et
170 1881 365 1940 pulcherrimam
378 1883 519 1929 antithesin
531 1882 655 1942 proferat,
667 1890 693 1926 et
706 1881 737 1927 ad
751 1882 884 1927 sententie¹
897 1881 1053 1940 elegantiam
1065 1893 1155 1927 neces·

44 1943 129 1990 ‘saria
149 1945 190 1992 sit.
222 1945 310 1992 Facile
322 1959 355 1992 ex
366 1945 481 2003 Argum
497 1946 523 1990 ln
540 1945 601 1990 Mas.
618 1940 715 1989 sectum
734 1941 853 1999 Arguta:
870 1941 939 1991 lani.
973 1941 1055 1988 Porro
1066 1942 1154 2003 Argeoe

61 2006 163 2054 emend.
175 2008 284 2069 Coning.
305 2006 399 2053 Sanad.
415 2015 442 2052 et
462 2005 499 2052 sic
519 2006 597 2052 etiem
608 2004 712 2051 Tenere
723 2012 751 2052 et
764 2003 943 2052 Frende-26
961 2003 1154 2052 Commentator

61 2070 177 2130 Crnqoii‚
194 2072 252 2116 lacit
264 2067 489 2114 emmenum-28
507 2067 579 2115 Loris
598 2064 692 2121 Acron,
710 2067 781 2130 (cuns
801 2066 885 2116 Sebol.
902 2067 987 2116 ‘lenis
999 2067 1024 2115 in
1037 2066 1153 2138 verbius)

61 2140 89 2178 et
101 2131 154 2177 Alt.
163 2138 187 2178 2.
205 2132 285 2178 Lotus
295 2131 428 2191 antiquiss.
441 2130 533 2178 Bland.
543 2129 649 2193 Crnquii
659 2147 666 2190 ;
678 2131 762 2179 mous
774 2146 825 2179 rar.
836 2132 897 2179 leet.
909 2146 950 2195 ap.
959 2131 1048 2182 denes.
1064 2132 1153 2194 Agita,

61 2192 155 2256 Appen,
175 2192 253 2256 Agere,
271 2193 368 2254 Agita,
388 2194 493 2258 Agylert,
510 2194 616 2255 Agillen,
634 2194 747 2257 Agyllea,
764 2195 877 2257 Agilleie,
890 2195 1018 2244 variantes
1030 2210 1072 2258 ap.
1083 2196 1152 2246 dani.

60 2258 155 2319 ,septen
168 2258 271 2306 volebat
282 2259 395 2306 blancio.
408 2267 529 2321 tanquam
542 2259 574 2308 ab
585 2257 656 2318 ἀγυιὰ
666 2265 694 2307 et
705 2260 776 2306 λεῖος.
811 2259 887 2322 Cruq.
904 2258 1061 2321 preferebat
1077 2261 1154 2322 Agyl·

551 2386 656 2436 NOTAE

92 2488 122 2532 2³
141 2483 326 2547 PotioreAlitc]
345 2484 384 2532 Ex
393 2484 481 2532 alitum
493 2497 583 2547 aspec·
625 2483 651 2533 in
668 2484 778 2543 Troade,
789 2498 821 2533 ex
838 2484 886 2533 Ida
902 2491 990 2534 monte
1010 2484 1035 2532 in
1051 2482 1153 2532 Helles·

61 2564 88 2604 tu
100 2560 199 2619 captari
208 2560 330 2620 auspicia,
340 2559 401 2607 alibi
411 2559 505 2608 notari.
525 2558 584 2608 llnc
626 2566 732 2620 pontons
747 2557 871 2620 defluens,
890 2560 935 2623 qni
952 2566 979 2607 et
997 2558 1154 2607 Scamander

62 2646 123 2680 vero
135 2641 238 2693 spectat
249 2633 316 2693 quod
328 2641 451 2681 aeternam
466 2632 522 2680 lore
534 2634 585 2682 Ro·
626 2633 773 2696 appelletur
785 2647 799 2681 a
810 2635 948 2690 nonnullis.
979 2633 1072 2697 Neque
1085 2633 1154 2680 bnnc

60 2719 127 2751 mam
137 2705 277 2752 credebant
287 2707 402 2763 Romani,
412 2715 439 2754 et
450 2708 519 2768 apud
529 2710 586 2754 Vir·
626 2709 770 2771 intelligere
782 2712 841 2759 istic
854 2711 916 2759 licet
927 2728 932 2757 =
950 2709 1077 2773 siquidem
1085 2709 1110 2757 in
1123 2723 1155 2756 ea

62 2780 106 2841 git.
118 2780 163 2827 cit.
177 2780 213 2826 ita
224 2781 335 2840 spondet
345 2780 465 2842 Jupiter:
482 2782 491 2806 ⁴
499 2781 584 2842 Inspe·
626 2784 730 2849 regione
741 2784 833 2844 Apollo
845 2799 896 2832 noo
909 2785 1053 2833 colebatur.
1077 2782 1154 2832 Alter

62 2856 125 2902 rium
138 2855 192 2902 sine
205 2853 254 2901 fine
266 2854 345 2901 dedi!
627 2857 742 2918 ejusdem
755 2858 862 2904 nominis
874 2857 966 2906 flrrvius
976 2867 1017 2907 est
1027 2860 1053 2906 io
1066 2859 1153 2920 Lycia,

92 2935 123 2979 25
142 2931 232 2979 Ductor
242 2935 344 2989 argute,
355 2929 409 2991 tre]
430 2929 522 2977 Placet
532 2930 586 2990 qrri·
628 2945 642 2978 e
654 2937 740 2978 rnonte
748 2931 845 2978 Cadmo
855 2933 1003 2991 scaturiens,
1012 2934 1154 2982 Xanthum·

60 3005 167 3054 busdam
196 3005 298 3062 Ductor,
321 3011 349 3051 ut
376 3004 499 3053 reddetur
525 3003 587 3051 illud
628 3005 781 3068 qneurbens
799 3006 949 3066 interluens,
967 3007 1083 3054 Glaucus
1100 3007 1154 3054 Pli-

60 3077 385 3138 Graecornmblovcsnemc.
403 3080 587 3128 Verumtamen
628 3081 680 3140 oio,
690 3080 810 3128 Straboni
822 3078 902 3127 Sirbis
912 3079 1007 3140 dictus,
1018 3081 1094 3141 vulgo
1106 3081 1154 3128 eti·

62 3155 124 3201 nilril
135 3155 244 3203 mutabit
256 3157 337 3203 lector
348 3169 435 3215 sagea.
627 3170 667 3202 am
688 3153 770 3208 Siren
794 3167 869 3216 qoem
893 3167 953 3202 sane
975 3153 1094 3215 designat
1112 3154 1154 3202 bie

95 3229 196 3290 Tlrolioe]
210 3229 584 3292 Proqualibetlllnsururnlraec
626 3229 761 3288 Horatius,
777 3230 829 3291 qui,
846 3229 903 3277 loco
920 3243 999 3291 supra
1010 3230 1100 3286 eiteto,
1121 3229 1154 3277 de

62 3305 175 3368 ponitur,
195 3317 251 3365 qnae
270 3304 340 3352 dictu
356 3305 402 3351 ἀπὸ
420 3306 463 3352 τοῦ
479 3306 585 3361 θάλλειν,
627 3305 717 3353 eodeni
738 3303 858 3366 Apolline
880 3303 962 3352 dixit:
983 3306 1046 3365 ‘qtti
1067 3305 1152 3368 Lyciae

54 3382 161 3445 florere5
177 3377 244 3440 qrrod
262 3378 356 3428 Poetae
368 3380 447 3429 saciat
462 3383 544 3444 gloria
558 3390 584 3431 et
627 3385 699 3427 tenet
717 3376 838 3426 dumeta!
871 3379 935 3425 Sunt
952 3378 995 3440 qui
1012 3378 1090 3427 alludi
1107 3394 1153 3443 pu·

61 3454 128 3503 ferne
140 3452 270 3502 florentes.
627 3461 684 3502 tent
695 3453 727 3502 ad
742 3467 830 3502 vocem
842 3453 932 3513 ξανθὸς,
941 3453 1031 3516 fluens,
1042 3469 1074 3503 eo
1086 3456 1153 3519 qnod

93 3535 126 3579 26
144 3530 193 3584 Qui
216 3529 314 3576 Xantho
336 3529 396 3576 lauis
415 3545 481 3577 omne
496 3530 585 3593 crines]
628 3530 754 3592 Apollinis
765 3527 832 3577 flava
843 3530 962 3579 caesaries
974 3530 1128 3581 celebretur.

60 3607 102 3653 Sic
114 3619 155 3654 nr.
167 3604 218 3652 tid.
230 3609 254 3652 l.
271 3611 277 3632 ‘
291 3605 340 3654 Qui
356 3619 411 3653 rore
423 3620 486 3667 puro
496 3608 585 3654 Casta·
657 3607 689 3652 et
707 3605 810 3652 Donnioe
828 3605 924 3664 defende
940 3608 1009 3654 decus
1026 3606 1152 3668 Commio]

61 3679 396 3729 liaelavitCrinessolutoa.'
421 3680 584 3742 Cepillosan-
626 3680 691 3726 Milri
711 3679 885 3739 patrocinare:
909 3681 951 3726 cni
969 3681 1106 3741 ‘spiritum
1125 3686 1153 3729 et

61 3757 124 3818 tiqui
137 3758 162 3803 in
175 3756 257 3804 dusiis
274 3764 317 3804 etrt
328 3753 442 3803 sontibus
456 3754 584 3813 lavabant,
627 3755 745 3803 carminis
759 3765 840 3802 artent
853 3754 966 3814 dedisti:
985 3756 1107 3802 ‘nomen'
1125 3763 1153 3804 et

61 3845 105 3877 ren
129 3831 259 3879 munditiei
289 3846 334 3878 sen
363 3833 452 3881 nitoris
475 3831 584 3893 angendi
626 3830 739 3878 ‘decos'
758 3831 853 3889 tribue,
870 3828 989 3888 defende,
1008 3830 1152 3890 amplifice,

62 3918 147 3952 carisa.
179 3905 273 3952 Sensus
291 3907 376 3968 itaque
398 3915 452 3956 est:
471 3909 522 3959 Qui
540 3908 584 3953 do·
627 3907 774 3968 pariterque
787 3905 891 3966 gloriam
903 3904 1000 3950 Latinae
1013 3903 1129 3964 poeseos.

63 3979 166 4027 rninaris
176 3980 207 4025 liu
217 3981 430 4043 regionibusques
440 3984 504 4043 rigat
515 3984 585 4030 Xon·
659 3979 773 4039 Dnuniae]
791 3981 848 4036 Vel,
860 3992 906 4040 per
916 3978 1153 4038 synecdochemiu·

63 4058 127 4106 tlrus.
162 4053 243 4102 Porro
261 4052 378 4101 Xantlnrs
394 4054 502 4116 duplex:
521 4058 586 4105 ulter
628 4058 714 4116 tetttge
733 4063 812 4101 totanr
831 4053 940 4114 ltnliunr,
953 4054 1027 4116 cnjus
1042 4056 1154 4116 pertesi
