2408 4200
388 259 593 308 camurana
621 259 694 308 ala.
718 259 741 306 t.
762 244 814 309 86.

186 400 263 465 Neu
278 408 420 483 promtae
434 400 554 464 modus
576 401 761 483 amphorae,

227 502 305 566 Neu
320 521 442 566 morem
459 503 493 565 in
508 502 639 567 Selium
654 503 700 566 sit
714 503 846 585 requies
859 501 1004 585 pedam;

185 602 264 666 Neu
279 603 373 666 multi
390 602 543 668 Damalis
558 602 641 666 mori

225 703 370 768 Bassum
381 703 537 768 Tbreicia
553 705 666 767 vincat
679 702 847 784 amystide
862 721 872 779 ;

59 895 183 954 Cretense,⁸
200 860 257 945 neoc
266 900 355 961 prolato
366 901 422 948 endo
432 903 559 960 porculum
570 910 644 960 neque
654 897 686 946 rit
693 898 777 959 pedam
788 899 885 946 comta
895 899 926 946 cd
935 898 1009 946 mmm
1019 897 1146 946 sanum.

56 957 121 1008 Neue
128 961 237 1010 Damalis
244 964 344 1024 plurimi
358 964 410 1012 uisi
425 963 495 1011 bibax
506 967 578 1010 emet
589 976 642 1008 mm
653 962 729 1010 anao
737 963 825 1024 poculis
838 961 982 1012 Thracibus:
998 976 1055 1010 sers
1065 958 1145 1010 conoi-

512 1119 540 1137 00
544 1117 693 1137 mm

57 1230 99 1278 alii
111 1232 186 1283 codd.
204 1249 261 1282 cum
283 1235 389 1285 bochar.
401 1243 429 1284 et
446 1236 553 1282 Veneti.
571 1233 622 1281 Nec
640 1240 754 1294 pronum
773 1232 847 1281 Harl.
864 1237 889 1280 2.
909 1237 933 1280 3.
951 1237 977 1280 l.
996 1237 1021 1279 6.
1038 1230 1145 1281 Arcens.

55 1298 144 1356 ceteri,
164 1297 219 1346 Neu
228 1303 402 1360 promta-la
421 1297 495 1346 Harl.
507 1303 530 1345 l.
540 1303 564 1347 5.
580 1297 651 1358 Lips.
669 1297 775 1345 Locber.
788 1298 894 1344 Venctt.
907 1298 939 1343 al.
954 1297 1006 1344 Nec
1017 1311 1146 1345 morem.—

57 1362 86 1407 l³
103 1358 187 1409 iidem
205 1361 281 1410 codd.
300 1370 328 1411 et
346 1361 455 1410 Ancona.
475 1363 525 1410 Nec
536 1361 621 1417 malli;
640 1359 711 1408 Harl.
723 1364 746 1408 2.
758 1364 817 1409 bl.
829 1365 853 1409 d.
869 1359 974 1422 aliique,
998 1360 1051 1409 Neu
1070 1360 1148 1414 malti.

52 1422 61 1447 ⁴
72 1422 162 1472 Metuo
174 1439 207 1472 ne
217 1425 265 1474 boc
276 1441 321 1475 sea
333 1426 528 1489 transponendis
540 1424 653 1473 versibus
663 1426 824 1473 occasionem
835 1424 946 1472 dederit.
978 1423 1072 1472 Melius
1081 1424 1147 1472 enim

56 1491 85 1533 et
95 1488 181 1549 aprina
191 1498 266 1547 esset,
276 1491 298 1539 si
311 1499 371 1552 post
382 1505 419 1539 rs.
429 1493 468 1540 ill.
480 1496 649 1553 sequerentur
659 1502 696 1534 vs.
708 1492 745 1535 lt.
755 1492 793 1536 16.
812 1488 872 1550 qnia
885 1497 946 1536 tnnc
959 1488 1015 1535 idea
1028 1500 1147 1535 versuum

57 1551 96 1595 la.
107 1554 144 1599 ld.
163 1554 273 1602 nattrrali
286 1554 476 1604 continuatione
488 1552 560 1602 ducit
570 1552 601 1600 ad
615 1566 651 1599 va.
666 1555 753 1599 17-20.
787 1551 844 1600 Nisi
857 1559 949 1614 putare
962 1553 1096 1611 malumus,
1108 1562 1147 1600 ta-

57 1611 106 1660 lem
118 1617 336 1675 perturbationem
349 1617 463 1666 idearum
476 1617 583 1680 lyricum
601 1614 703 1678 poiitam
722 1613 831 1663 decere!
846 1617 912 1665 dani.
947 1615 1017 1664 Idem
1030 1615 1109 1663 sentit
1119 1613 1146 1664 J.

57 1675 220 1730 varice—1³
237 1680 280 1730 Ab
294 1681 342 1732 boc
354 1697 429 1733 versu
445 1696 512 1732 nora
523 1680 582 1731 0dc
593 1679 685 1742 incipit
697 1679 722 1727 in
735 1679 783 1728 Ed.
795 1680 920 1741 Sivriana,
935 1679 978 1728 ubi
996 1678 1091 1740 legitor
1104 1679 1147 1727 du-

551 1840 657 1891 NOTAE

55 1953 137 2016 plenae
153 1952 364 2015 significationem
380 1955 488 2017 letitiae,
506 1956 578 2017 large
651 1957 681 2001 la
700 1953 755 2002 Nea
765 1953 834 2000 malti
846 1952 957 2000 Damalis
965 1953 1024 2000 aseri
1036 1952 1147 2010 Boanum,

55 2028 194 2077 bibendum
202 2032 254 2090 ait3
271 2031 347 2080 simul
357 2039 384 2080 et
396 2040 511 2081 veterum
523 2041 578 2080 tan·
617 2029 669 2091 irc]
692 2027 732 2076 Ad
755 2027 899 2077 convivium
924 2027 1006 2074 amica
1027 2025 1146 2074 Numida

57 2102 95 2162 git
114 2115 281 2168 moremque
297 2107 392 2154 amicos
410 2109 449 2155 rel
465 2108 579 2171 prolicie-
619 2104 736 2152 Damalis
751 2104 862 2151 inritata
878 2116 937 2150 cnm
954 2115 1020 2149 noro
1033 2101 1069 2147 slc
1081 2113 1148 2148 ama·

55 2183 154 2237 cantas,
176 2179 217 2226 rel
233 2193 248 2226 e
267 2183 474 2244 peregrinatione
492 2198 578 2233 rever.
620 2186 676 2227 tore
698 2186 860 2237 consuescat,
881 2186 911 2227 nt
934 2177 1026 2225 relicta
1052 2175 1148 2224 veleris

55 2257 141 2300 tentes
161 2254 278 2316 convivio
299 2258 473 2320 excipiebant.
512 2260 578 2311 ουρ
620 2254 696 2303 amici
717 2253 901 2314 familiaritate,
921 2252 996 2301 Bassi
1018 2250 1150 2312 videlicet,

53 2326 155 2390 quidem
167 2331 251 2393 epulae
265 2332 418 2384 dicebamur
437 2336 539 2385 viariam
551 2344 579 2385 et
621 2344 670 2378 non
683 2329 792 2393 amplius
804 2345 860 2379 cum
870 2344 901 2378 eo
910 2336 994 2378 certet
1006 2327 1148 2376 bibacltate

52 2401 212 2455 adventitiae.
620 2407 708 2455 vinosa
720 2405 821 2469 quidem
832 2407 931 2454 muller.

86 2481 117 2525 12
135 2479 189 2527 Nea
203 2495 290 2530 morena
299 2483 326 2531 is
336 2483 428 2534 Solium
442 2487 475 2533 sit
488 2487 580 2549 requies
653 2483 728 2531 Multi
738 2484 809 2547 meri]
820 2483 875 2532 Cic.
886 2484 957 2532 Fam.
968 2493 1007 2531 tx.
1016 2484 1058 2530 26.
1069 2479 1077 2506 ‘
1089 2477 1147 2526 Non

53 2552 148 2615 pedara]
173 2555 228 2604 Nec
248 2557 400 2609 omittantur
419 2561 532 2623 tripudia
553 2568 580 2610 et
620 2559 694 2607 multi
703 2559 754 2607 cibi
763 2559 890 2623 hospitem
899 2555 1074 2621 accipies,sed
1084 2553 1148 2602 mul·

55 2626 203 2676 saltationes
217 2630 248 2678 iis
262 2632 367 2690 similes,
384 2650 445 2698 quas
457 2644 580 2684 exercent
622 2633 722 2696 rijoci.'
738 2636 790 2683 Alii
800 2637 837 2684 sic
847 2638 1066 2699 interpretantur:
1082 2632 1148 2679 Bra·

55 2700 117 2747 Salii
127 2701 579 2758 MartisSaccrdotesaNumePom·
621 2724 664 2757 stis
681 2715 708 2757 et
728 2710 842 2760 Damalin
859 2716 961 2759 certent
977 2707 1147 2769 pacatianec

57 2775 119 2836 pilio
138 2778 260 2842 instituti,
280 2795 384 2829 numero
403 2782 550 2845 duodecim,
565 2800 580 2834 e
622 2785 647 2833 in
659 2788 861 2849 pergraecatione
871 2787 929 2833 buic
941 2784 985 2830 ille
996 2780 1083 2830 cedat.

55 2851 170 2903 Patricio
182 2869 292 2919 genere:
305 2858 401 2907 aTnllo
409 2858 504 2908 deinde
512 2861 580 2910 Hos·
653 2866 683 2911 ld
700 2861 814 2923 Bassum]
834 2860 859 2907 ls
876 2857 945 2907 sorte
964 2864 1005 2905 est
1021 2853 1147 2904 iambicon

53 2928 108 2977 tilio
118 2930 253 2994 duplicati.
287 2934 333 2997 Hi,
348 2950 421 2985 aeuea
432 2938 513 3000 galea,
526 2940 579 2988 bal·
618 2937 663 2984 ille
683 2937 766 2983 Poita
786 2936 817 2982 ad
836 2949 910 2997 quem
931 2940 971 2981 est
988 2933 1110 2995 Propert.
1126 2943 1146 2978 r.

52 3004 121 3068 theo,
134 3023 163 3055 ac
180 3009 286 3059 thorace
306 3014 409 3073 armati,
429 3029 476 3076 per
491 3016 579 3063 urbem
619 3013 694 3070 Eleg.
704 3013 728 3055 t·
744 3016 771 3055 et
788 3009 1004 3055 Ovid.Trist.1v.
1024 3007 1095 3063 Eleg.
1107 3008 1147 3052 1⁰.

53 3078 216 3141 incedebant,
234 3083 315 3143 gradu
331 3089 484 3145 componito,
501 3096 580 3147 atque
620 3083 672 3129 Ubi
693 3081 760 3128 male
776 3081 866 3125 Battus
882 3081 994 3138 legitur,
1011 3079 1104 3124 Bassus
1121 3092 1148 3125 e·

55 3151 86 3198 sd
101 3152 170 3200 tibiae
186 3155 494 3203 modulossubsilientea:
515 3158 582 3204 rrnde
622 3155 674 3201 nim
695 3159 805 3199 vocatur
822 3150 889 3212 apud
908 3150 1062 3210 antiquiores
1088 3153 1147 3200 ritae

55 3239 156 3273 nomen.
174 3227 305 3273 Sacrailla
317 3229 505 3292 coenisquoque
517 3246 585 3279 sum·
624 3227 712 3275 Ovidii
724 3227 877 3289 scriptores:
891 3225 965 3275 testis
977 3226 1100 3286 Scaliger.

56 3301 584 3368 tunsis,cantibus,etsymplroniaopipara
659 3303 766 3352 Tlrreicic
776 3302 904 3365 amystide]
924 3301 972 3350 vel
989 3302 1083 3364 poculo
1099 3302 1148 3348 val·

56 3378 229 3426 celebrabant.
264 3377 332 3426 Vide
352 3378 426 3440 plura
442 3380 509 3441 apud
529 3380 584 3428 biv.
624 3378 656 3428 de
674 3379 781 3443 capaci;
799 3379 839 3426 vei
853 3378 957 3427 bibendi
974 3390 1067 3440 genera
1081 3376 1148 3438 apud

56 3467 75 3500 r.
88 3456 128 3500 20.
147 3451 200 3501 Jul.
212 3453 279 3502 Poll.
292 3468 329 3502 tv.
343 3459 381 3503 ll.
399 3456 509 3505 maxime
521 3473 583 3507 vero
623 3455 738 3506 Tlrracas
754 3464 781 3504 et
798 3455 907 3518 Scythas
921 3456 1016 3502 usitato
1027 3451 1150 3510 ἀπνευστὶ,

56 3527 131 3575 Alex.
152 3527 185 3575 ab
206 3527 283 3576 Alex.
303 3543 322 3576 r.
342 3534 382 3578 26.
398 3534 446 3580 &c
472 3533 583 3597 Dionys.
622 3532 875 3596 sine‘rcspiratione
896 3529 993 3590 ἀμυστὶ,
1013 3529 1100 3575 hiante
1122 3536 1149 3574 et

55 3602 189 3650 Halicarn.
210 3601 253 3650 lib.
266 3615 297 3650 ιι.
309 3604 346 3651 sic
358 3604 453 3654 babet:
470 3608 477 3634 ‘
490 3609 525 3658 Hi
537 3624 582 3656 au·
622 3617 730 3671 patente
741 3623 785 3657 ore
797 3616 826 3656 et
837 3608 919 3655 ricto:
938 3606 1005 3653 unde
1016 3601 1149 3661 ἀμυστίζειν

55 3685 107 3726 tem
127 3676 188 3724 Salii
208 3691 296 3725 omues
313 3679 451 3727 saltatores
469 3690 537 3743 sunt,
554 3690 582 3732 et
622 3683 718 3732 dicitur
737 3685 758 3731 is
775 3683 818 3746 qui
837 3683 873 3730 sic
891 3681 977 3728 vinum
997 3679 1148 3742 ingurgitat,

54 3753 204 3802 ltssdflwles
216 3759 372 3803 ”malorum
389 3755 521 3817 Deorum,'
533 3761 581 3809 &a
621 3761 693 3821 largo
712 3763 813 3821 haustu,
836 3757 945 3817 ductim,
965 3753 1101 3803 confertim
1120 3765 1148 3804 et

54 3829 136 3877 Varro
156 3828 189 3877 de
207 3829 281 3891 Ling.
298 3831 355 3878 bat.
373 3831 418 3878 lib.
431 3845 469 3878 lv.
485 3835 523 3883 sic
538 3835 580 3882 ha·
621 3834 774 3892 confestim3
802 3847 852 3880 non
875 3837 961 3879 alitem
984 3829 1148 3891 sorbillando,

55 3903 115 3951 bet:
134 3902 218 3952 ‘Salii
238 3918 253 3951 a
270 3904 397 3964 saltando,
408 3906 476 3968 qnod
494 3907 580 3960 lacere
622 3910 742 3957 vallanto
754 3909 842 3955 ductu.
860 3904 927 3953 Vide
936 3905 1068 3956 Plutarch.
1076 3908 1149 3972 Sym·

56 3977 82 4024 in
94 3980 198 4027 comitio
216 3978 355 4044 quotannis
366 3979 392 4028 iu
403 3981 481 4031 sacris
496 3986 579 4035 solent
621 4000 679 4049 pos.
697 3986 761 4033 Ccel.
774 3996 812 4033 ιν.
829 3986 870 4031 26.
889 3987 917 4031 et
935 3993 981 4034 av.
992 3987 1016 4035 t.
1035 3986 1145 4036 Turneb.

57 4050 202 4104 etulebnnt.¹
622 4062 755 4110 aarum.
