2408 4200
386 548 466 627 nn
502 546 693 625 nmium
733 491 984 626 nonnum

138 1320 217 1365 nam
241 1309 274 1366 et
293 1301 524 1365 delectabatur
545 1300 603 1363 ille
626 1299 761 1380 ingenio
785 1299 942 1376 hominis,
957 1308 991 1363 et
1008 1300 1199 1375 videbatui

136 1403 233 1469 illum
247 1408 282 1467 et
295 1401 411 1484 gloriae
424 1421 507 1478 snee,
523 1408 557 1466 et
571 1398 754 1485 prudentie
770 1400 882 1464 civilis
898 1419 1013 1477 cansa,
1028 1420 1105 1465 esse
1120 1420 1203 1467 nece

139 1506 277 1567 sarium.
319 1502 469 1569 canebat
482 1504 581 1581 enim,
602 1502 795 1584 plerumque
806 1501 935 1583 jussus,
950 1501 1042 1565 illius
1062 1502 1192 1567 victori

140 1604 328 1686 populoque
347 1603 501 1668 Romano
520 1601 780 1667 commendabat
790 1601 863 1684 ejus
883 1604 972 1684 leges
988 1622 1028 1667 ac
1042 1604 1198 1687 imperio

139 1723 217 1789 qnae
237 1725 350 1772 omnes
373 1704 601 1790 pulcherrimae
617 1704 705 1768 Odeu
719 1723 794 1767 esse
809 1705 928 1769 solent.
972 1703 1129 1770 Omnium
1154 1725 1197 1770 ve

137 1809 407 1892 potentissimum
421 1808 564 1871 amicum
578 1806 696 1871 habuit
710 1804 750 1870 G.
761 1805 905 1870 Cilnium
921 1806 1153 1883 Maecenatem,
1168 1808 1199 1871 el

137 1908 324 1990 gantisslmi
338 1910 444 1972 vuum
457 1908 592 1991 ingenii,
608 1909 784 1973 doctorum
803 1909 971 1972 hominnm
994 1898 1153 1990 insignum
1173 1927 1195 1990 p

141 2016 298 2087 tronnm3
318 2009 420 2090 cujus
431 2007 547 2073 Vitam
572 2010 761 2073 accuratius
778 2009 960 2090 descripsit
982 2008 1017 2073 J.
1033 2009 1082 2074 H.
1104 2010 1189 2072 Mei

141 2108 234 2172 mius
247 2109 303 2191 (L.
320 2110 362 2173 B.
375 2109 469 2174 1653.
483 2107 541 2193 4.).
577 2109 640 2173 Sed
656 2116 779 2194 prester
793 2111 877 2173 hunc
893 2111 990 2173 etiam
1008 2109 1057 2172 Μ.
1071 2110 1194 2191 Agrip

141 2209 284 2274 Asinius
295 2209 418 2288 Pollio,
428 2212 549 2275 summi
560 2230 600 2277 ac
615 2213 782 2295 principes
799 2211 871 2286 viri,
881 2211 1034 2291 singulari
1049 2230 1123 2273 eum
1135 2210 1198 2274 ben

140 2311 287 2376 volentia
300 2312 471 2395 complexi
484 2321 573 2377 sunt.
611 2312 664 2376 Ex
679 2313 792 2397 poetis
806 2313 1001 2376 amicissimi
1015 2314 1145 2376 suerunt
1161 2311 1193 2374 V

141 2414 254 2496 gilius,
266 2413 402 2491 Varius,
414 2414 611 2491 Plotius,ac
623 2415 791 2480 Tibullus.
815 2415 881 2478 Sed
892 2415 1009 2479 habuit
1020 2415 1107 2479 alios
1123 2415 1190 2479 etia

141 2513 186 2578 ud
199 2534 285 2596 quos
300 2515 448 2580 earmina
461 2517 606 2600 scripsit,
627 2518 682 2580 vel
696 2537 831 2601 quorum
847 2519 879 2580 in
898 2518 950 2581 his
973 2518 1170 2582 mentionem

140 2616 200 2680 cit.
233 2615 305 2678 Nos
314 2616 386 2700 jam
400 2615 552 2681 dieamus
567 2616 721 2699 quoedam
736 2618 778 2681 de
793 2619 837 2681 iis
855 2615 989 2683 Horatii
1005 2621 1137 2697 amicis,
1147 2641 1204 2704 qu

141 2715 220 2779 libri
243 2731 267 2777 ι.
287 2724 324 2780 et
343 2733 383 2780 ιι.
407 2718 512 2799 gratia
533 2735 635 2780 nosse
650 2717 803 2797 interest3
831 2720 964 2783 omissis
979 2727 1093 2784 tamen
1106 2722 1197 2802 iis,q

143 2816 198 2880 vel
212 2818 293 2881 satis
307 2818 454 2883 illustres
468 2837 509 2882 ac
521 2818 604 2893 noti,
613 2818 670 2881 vel
686 2825 799 2884 contra
813 2823 959 2896 obscuri,
972 2823 1026 2885 vel
1041 2821 1182 2905 denique

143 2915 355 3000 Argumentis
370 2918 562 2984 Carmiunm
572 2919 646 3001 jam
661 2921 907 2983 commemorati
922 2927 1010 2985 sunt.

186 3018 225 3083 L.
237 3019 386 3096 Sextius,
402 3021 446 3083 ad
460 3038 559 3102 quem
583 3024 635 3082 est
661 3035 685 3082 1.
704 3018 769 3083 Od.
785 3023 818 3082 4.
835 3018 1053 3083 videturesse
1068 3023 1110 3095 is,
1125 3039 1191 3102 que

144 3118 237 3185 Bmti
248 3120 544 3195 studiosissimum,
556 3119 730 3199 Augustus
747 3118 789 3181 A.
799 3117 843 3180 U.
854 3117 930 3180 731.
952 3116 1129 3180 Consulem
1142 3120 1197 3182 inl

142 3240 218 3284 cum
233 3241 330 3287 suum
346 3218 496 3296 suffecit3
511 3218 580 3281 vid.
597 3219 667 3280 Dio
684 3231 798 3278 xnrn.
812 3222 893 3279 extr.
920 3214 996 3279 ded
1012 3222 1089 3279 ante
1102 3217 1138 3281 id
1154 3227 1202 3281 te

141 3341 209 3404 pus
221 3323 295 3387 0de
309 3323 437 3404 scripta
449 3318 601 3399 videtum
616 3316 705 3381 unde
718 3316 806 3381 male
819 3320 850 3380 in
862 3316 974 3382 Titulo
989 3318 1121 3383 additur
1132 3318 1202 3382 ‘Co

144 3421 310 3484 aurarem:
354 3423 471 3507 Neque
483 3428 578 3486 recte
597 3418 779 3485 ‘Publius'
798 3420 931 3498 dicitur,
947 3429 1004 3485 aut
1026 3420 1154 3483 ostendi
1177 3440 1199 3502 p

145 3524 225 3590 test,
239 3525 359 3594 utrum,
372 3523 460 3601 qnod
474 3525 508 3586 in
523 3521 723 3606 quibusdam
739 3522 824 3585 Mss.
847 3527 909 3599 est,
927 3541 1111 3603 cognomen
1129 3526 1140 3554 ‘
1153 3519 1185 3598 Q

144 3618 231 3686 rini'
246 3637 359 3680 verum
373 3620 428 3682 sit.
473 3622 561 3686 Male
580 3633 616 3686 et
632 3625 704 3705 ipse
720 3643 741 3686 a
756 3625 871 3686 multis
886 3624 1043 3687 scribitur
1062 3623 1204 3686 ‘Sestio

146 3721 238 3805 quod
255 3725 368 3801 aperte
383 3725 468 3785 este
483 3723 666 3804 corruptela
680 3724 804 3788 Graeca
820 3722 945 3796 Σέστιος.

191 3820 231 3886 L.
247 3820 371 3884 Varius
384 3829 581 3886 memoratur
596 3838 622 3887 1.
634 3822 699 3887 Od.
714 3824 748 3887 6.
771 3822 878 3904 polita
889 3824 1017 3905 Epicns
1031 3831 1065 3888 et
1075 3826 1196 3906 Tragio

147 3922 391 4000 nobilissimos,
407 3941 503 4004 quem
515 3923 677 4005 Virgilius
693 3924 765 3987 Eel.
784 3938 836 3983 rx.
849 3923 902 3986 35.
926 3924 1026 3988 Mart.
1042 3941 1121 3987 vni.
1135 3927 1187 3988 18.

149 4024 182 4088 b.
194 4025 219 4088 l.
235 4044 275 4088 ac
291 4039 316 4087 1.
332 4025 404 4088 Sat.
420 4025 471 4088 10.
487 4025 540 4086 44.
568 4022 732 4087 Horatius
757 4025 904 4103 impense
926 4023 1051 4086 laudat.
1085 4025 1187 4084 Serva
