2408 4200
390 264 596 313 osaurauu
622 265 694 315 nra.
719 267 773 314 ru.
795 253 826 316 6.

277 403 321 466 Di
338 406 442 468 multa
456 407 602 486 neglecti
615 407 774 473 dederant

320 503 498 586 Hesperiae
512 507 603 570 mala
616 508 784 575 luctuosae.

229 604 252 667 J
254 623 306 666 am
321 605 373 666 bis
390 604 560 669 Monaeses
571 615 606 670 et
620 606 745 673 Pacori
760 629 880 674 manus

51 772 126 835 fluere
142 776 220 823 reduc.
253 739 339 840 riurein
355 779 452 826 rumina
465 779 543 840 plures
557 776 702 827 calamitates
717 778 848 828 intulerant
863 778 956 844 afflicta
973 779 1061 829 Italia.
1084 780 1141 829 Jara

61 1012 119 1062 dem
129 1012 233 1064 edidere
244 1015 325 1079 inepti
338 1014 515 1065 correctores.’
532 1015 648 1065 dani—i
666 1012 774 1078 cuning.
785 1016 926 1065 deame-8
942 1015 1005 1065 Ver.
1017 1018 1089 1066 Lect.
1101 1032 1143 1079 eo.

59 1077 146 1127 Jones.
156 1080 318 1128 luctuosa—t)
334 1079 447 1128 lliouoesir
460 1079 596 1129 Lambinus
608 1093 640 1128 ex
651 1079 771 1130 Jannoct.
783 1080 873 1129 Puiirn.
885 1089 912 1128 ct
924 1079 1023 1130 duobus
1035 1082 1106 1130 vett.
1119 1089 1147 1131 et

58 1142 94 1190 rie
106 1142 241 1192 Pulmsnni
255 1142 343 1191 Hamir-
354 1151 381 1190 et
396 1143 493 1191 Bellen.
503 1159 568 1191 unus
581 1142 673 1191 Bland.
686 1144 747 1191 Dir.
761 1144 841 1192 Mnld.
853 1151 879 1192 et
892 1144 938 1193 Sil.
952 1144 1065 1208 Crrrquii,
1083 1146 1145 1194 item

56 1205 205 1254 Torrentius
222 1222 238 1255 e
257 1207 308 1255 suis
328 1206 403 1255 corlrl.
423 1208 482 1255 libri
502 1206 664 1262 Bersrnenni
685 1206 767 1269 bipes.
784 1212 806 1255 l.
825 1211 848 1256 2.
867 1207 936 1256 Alit.
952 1213 975 1256 l.
992 1213 1016 1256 2.
1032 1210 1108 1257 Dess.
1120 1214 1145 1258 2.

55 1268 162 1318 Veneti.
177 1269 283 1319 Locber.
301 1270 407 1318 Vsscus.
423 1278 450 1318 et
473 1270 564 1319 Heius.
599 1270 716 1318 Maaoeres
735 1271 811 1319 Harl.
824 1274 846 1319 1.
862 1274 885 1319 2.
903 1275 926 1319 8.
944 1274 967 1320 t.
984 1278 1009 1321 ⁶.
1021 1275 1047 1321 o.
1063 1273 1146 1321 ceteri

57 1330 134 1382 codd.
146 1348 188 1394 ap.
205 1336 275 1393 Jeul,
294 1333 401 1383 Arcens.
421 1334 510 1383 Basili.
523 1335 646 1383 Glarean.
663 1333 737 1381 Febr.
755 1333 845 1395 Steph-
864 1334 927 1382 Feb.
947 1337 1042 1383 Decet.
1058 1335 1145 1386 Rentl.

57 1395 216 1459 Bext..lsni‚
235 1399 340 1459 Bipont·
357 1397 464 1445 Mitscb.
476 1399 582 1446 Wetzel.
595 1397 685 1445 Comb.
703 1396 804 1444 Wakef.
823 1402 851 1445 et
869 1396 948 1445 Kidd.
967 1397 1047 1446 etsie
1065 1399 1144 1448 etism

57 1458 202 1523 (Μοναίσης)
220 1477 262 1523 ep.
275 1461 406 1509 Plutarch.
420 1461 530 1510 Mouescs
543 1461 651 1522 Cauing.
669 1466 695 1508 et
714 1461 807 1509 sinan.
817 1462 885 1523 quorl
905 1462 931 1508 in
942 1460 1054 1523 Appiani
1067 1462 1143 1510 codd.

58 1523 181 1571 scribitur
202 1526 277 1573 etism
298 1522 429 1581 Μονέσσης.
461 1524 956 1574 vio.sabrrc.an1)ion.xnx.rrs.
990 1525 1056 1572 Alite
1076 1541 1143 1575 verr.

59 1599 102 1649 ap.
121 1585 181 1637 Jani
205 1599 271 1651 suut,
295 1590 422 1649 Monesrr's,
442 1589 558 1649 Monaesi,
580 1588 695 1649 Muneris,
716 1588 848 1648 Moaeasis,
870 1587 999 1649 Marsaeus,
1018 1585 1144 1639 Murram.

548 1717 653 1768 NOTAE

57 1808 176 1874 Arrrspic.
193 1812 317 1877 Respoas.
335 1830 360 1864 n.
376 1820 414 1864 18.
431 1817 505 1875 ‘Ego
518 1828 579 1862 vero
619 1828 674 1861 rum
685 1813 791 1862 exitum.
825 1812 891 1861 Nem
907 1811 973 1859 sicut
989 1826 1005 1858 e
1020 1812 1144 1873 religione

56 1884 388 1945 primumbnbcoaactores
404 1890 580 1950 scutagiarros
620 1887 724 1946 imperii
758 1888 831 1947 hujus
864 1886 1032 1934 fundamenta
1062 1886 1144 1935 locata

55 1960 205 2022 religionum
223 1960 386 2007 colendarum
401 1961 510 2020 majores
522 1974 579 2006 noa·
619 1966 689 2018 aurit,
713 1960 751 2006 ite
773 1974 874 2022 quoque
904 1975 950 2022 per
979 1959 1095 2009 eumdem
1117 1963 1143 2011 in

55 2040 132 2083 tros..
143 2035 230 2084 ..Quis
243 2042 293 2081 tem
305 2035 453 2094 vecors,qui
466 2043 510 2081 errt
522 2047 578 2080 cum
619 2031 691 2078 Deos
710 2031 833 2092 pietatem
854 2032 916 2080 illud
936 2033 1058 2082 retinebis
1069 2049 1144 2084 esor-

54 2108 236 2168 respexeritis
248 2107 349 2165 coelum,
365 2108 436 2155 Deos
453 2121 510 2154 esse
528 2120 579 2153 non
619 2104 754 2167 nubisque.
797 2108 853 2154 Lir.
878 2108 1040 2157 ‘Invenietis
1059 2111 1145 2159 ornain

55 2181 266 2229 sentiat:...nut
279 2196 335 2229 cunr
348 2183 419 2230 Deos
430 2196 485 2230 esse
504 2181 578 2229 intele
620 2189 744 2241 prospera
763 2181 865 2227 evenire
896 2182 1039 2230 colentibus
1061 2185 1143 2248 Deos,

55 2255 157 2315 lexerit,
170 2271 218 2303 uon
236 2256 365 2319 intelligat
376 2270 464 2304 eorum
476 2256 578 2304 numine
620 2254 728 2302 adverse
738 2255 939 2316 spernentibus!
958 2255 1025 2305 vide
1037 2259 1143 2322 Dionys.

54 2331 101 2377 hoc
115 2339 196 2379 totam
214 2331 353 2394 Imperium
371 2346 426 2380 esse
443 2338 578 2391 autumet
619 2329 750 2377 Hslicnrn.
762 2329 806 2376 lib.
819 2342 861 2376 ιιι.
874 2329 916 2376 ubi
934 2344 949 2376 a
962 2330 1058 2377 Martio
1071 2333 1143 2393 Rege

54 2415 165 2467 arictum,
185 2413 210 2455 et
230 2409 373 2457 retentum?
407 2410 489 2460 ernm
508 2410 577 2457 vola·
618 2403 908 2465 instauratadiligenter
926 2417 998 2452 sacra
1012 2417 1068 2466 quae
1081 2411 1142 2452 sate

52 2496 108 2528 mus
119 2482 179 2530 licet
192 2483 239 2544 ipsi
249 2497 293 2530 uos
303 2499 425 2544 amemus,
434 2494 518 2533 tamen
529 2499 576 2532 nec
617 2481 737 2543 neglecta
749 2489 793 2529 aut
807 2495 883 2543 prave
896 2482 973 2528 culta.

52 2557 366 2618 rrrrurerullispanos‚rrec
381 2560 577 2622 roboreGsllos,
649 2557 718 2604 7Βί
742 2558 815 2603 multa
837 2555 945 2616 neglecti,
964 2554 1017 2615 ire]
1041 2554 1142 2618 Religio

54 2641 101 2674 nec
120 2630 261 2677 calliditate
283 2632 386 2694 Prinos,
409 2648 456 2682 uec
480 2634 577 2682 artibus
618 2632 732 2681 Deorum
751 2633 870 2694 neglecta
889 2645 966 2679 cause
978 2628 1028 2678 tuit
1040 2632 1142 2680 calami·

54 2701 169 2760 Grecos,
181 2716 228 2749 nec
247 2704 358 2767 (lenique
375 2708 422 2755 lroc
437 2710 491 2770 ipso
503 2709 576 2772 hujus
617 2714 697 2753 tetum
715 2721 776 2769 qaas
796 2706 854 2754 tulit
874 2705 959 2765 ltalia,
970 2719 1027 2768 qaae
1042 2704 1142 2768 Hespe-

54 2774 137 2836 gentis
149 2789 178 2821 ec
192 2783 268 2824 terrae
285 2776 426 2828 domestico
439 2783 576 2845 nativoque
618 2784 656 2829 rie
668 2782 772 2842 dicitur,
784 2790 811 2830 nt
823 2783 909 2831 notavi
923 2795 952 2829 rr·
963 2780 1016 2830 Od.
1028 2785 1051 2829 l.
1064 2783 1142 2842 pluri·

53 2862 127 2896 sensu
150 2849 231 2897 Italos
252 2851 319 2911 ipsus
342 2868 372 2899 ac
397 2856 510 2913 Latinos,
531 2858 575 2904 sed
617 2857 880 2904 metnmobserretae
896 2866 948 2904 tum
964 2856 1142 2918 negleciaere·

54 2927 150 2986 pietate
170 2939 200 2972 ec
217 2926 347 2988 religione,
368 2934 445 2989 atque
463 2928 510 2976 bac
527 2945 577 2977 nnn
618 2932 717 2990 ligionis
735 2933 853 2991 exempla
870 2939 931 2993 pete
943 2945 957 2977 e
968 2931 1027 2976 Vsl.
1039 2931 1110 2977 Max.
1123 2944 1141 2976 1.

52 3001 187 3063 rapientia,
198 3001 265 3063 quod
275 3001 386 3049 Deorum
399 3002 576 3050 immortalium
619 3009 641 3053 l.
676 3007 778 3053 Pariter
790 3014 816 3052 ct
830 3006 896 3052 bons
910 3004 1025 3065 ingentia
1038 3005 1143 3063 promit·

53 3077 154 3124 nrrurine
167 3077 250 3124 omnia
260 3078 312 3138 regi
323 3077 510 3138 gubernarique
521 3092 576 3139 per·
618 3080 651 3127 tir
669 3093 714 3126 sua
731 3086 862 3140 precepta
878 3076 1049 3138 serventibus,
1062 3077 1140 3138 negli-

54 3154 193 3213 speximur,
209 3166 294 3200 ornnes
311 3160 399 3214 geutcs
410 3152 576 3216 nationesque
617 3154 735 3216 gentibus
757 3162 842 3202 autem
861 3153 927 3200 mala
943 3151 1030 3212 gravia
1041 3151 1142 3200 minita-

54 3228 247 3286 rupernrimue!
616 3238 657 3277 rur
669 3228 738 3277 Dens
751 3230 815 3290 Ops.
830 3228 902 3277 Max.
920 3227 1003 3277 berit.
1021 3241 1043 3275 c.
1061 3239 1139 3276 xxvi.

86 3301 244 3362 Principium]
258 3302 575 3364 Utsuura,0d.1u.‘Vos
617 3305 757 3351 Deuteron.
769 3319 791 3351 c.
805 3314 907 3352 xxvru.

54 3376 111 3422 lene
123 3376 276 3423 consilium?
295 3379 429 3440 utrobique
442 3378 467 3425 in
479 3385 577 3426 cetura
647 3383 663 3425 9
680 3379 737 3425 Jum
756 3377 793 3425 bis
811 3378 937 3437 Monaeses,
953 3375 1007 3437 ire]
1023 3376 1080 3428 Jam
1101 3378 1139 3427 bis

53 3450 140 3511 accipe
152 3449 191 3496 vel
202 3449 265 3497 duas
275 3449 364 3498 breves
374 3466 420 3512 uro
431 3466 479 3499 ana
491 3454 577 3514 longe,
615 3452 676 3500 victi
694 3468 779 3500 sumas
792 3467 807 3499 a
819 3452 930 3512 Peribis,
948 3458 1038 3500 contra
1056 3455 1140 3514 auspi-

54 3524 200 3585 relcrnsin,
218 3525 257 3571 vcl
275 3526 575 3574 conversionemrocelis
615 3529 655 3576 cia
688 3523 788 3577 scilicet
818 3527 976 3576 dimicantes.
1021 3527 1138 3589 Impetus

53 3598 77 3644 ln
88 3607 281 3647 consonantem:
297 3599 507 3662 quemadmodum
519 3600 575 3649 fieri
615 3610 716 3651 nostros
728 3603 847 3651 contudit
859 3605 986 3652 Monaescs
997 3604 1064 3666 aprrd
1078 3605 1138 3650 Per-

53 3674 118 3720 solet
137 3675 162 3720 in
185 3674 301 3733 ‘ariete'
319 3673 440 3734 ‘abiete‚'
459 3675 576 3737 ‘genum'
616 3678 671 3725 thos
683 3678 788 3752 insignis
801 3681 840 3726 vir
859 3680 974 3742 potentis
993 3686 1020 3726 et
1037 3679 1138 3738 opibus,

53 3750 101 3795 &n
615 3753 657 3815 qui
679 3752 747 3801 forte
767 3753 835 3801 idem
853 3771 909 3801 cum
928 3754 1037 3811 Surena,
1055 3767 1068 3797 a
1088 3767 1138 3812 qao

86 3821 141 3867 Huc
150 3825 212 3879 refer
221 3827 322 3888 eximia]
341 3827 396 3875 Diis
411 3835 519 3888 accepts
538 3841 575 3874 re·
615 3828 714 3874 deletus
731 3842 787 3875 curn
806 3829 923 3875 exercitu
935 3828 1051 3873 Crassus.
1085 3825 1137 3886 Αμ-

54 3895 94 3943 ser
107 3903 160 3942 tam
171 3896 274 3958 Imperii
288 3904 435 3965 primoralis,
448 3911 501 3950 tum
515 3916 573 3963 pro·
615 3902 683 3963 plan.
693 3902 736 3948 lib.
745 3902 777 3948 de
787 3903 864 3949 bellis
876 3898 1011 3949 Parthicis.
1039 3896 1136 3947 lterum

54 3971 197 4034 nugationis
219 3984 246 4018 cr
267 3964 473 4036 amplificationis
492 3979 573 4024 incre·
615 3975 742 4039 profligati
765 3990 850 4022 sumus
876 3989 890 4020 s
920 3972 1018 4018 Pacoro
1042 3972 1136 4021 Orodis

53 4056 148 4101 mente,
160 4052 186 4091 et
198 4043 296 4093 felicem
309 4065 524 4113 qnnrauucumque
537 4066 574 4097 rc·
616 4051 767 4097 Parthorum
788 4049 865 4107 Regis
884 4047 978 4106 majore
992 4053 1052 4093 nutu
1067 4046 1134 4107 mim

118 4124 203 4168 Deltrlt.
216 4129 238 4168 ut
252 4125 381 4168 Vuntflua.
573 4126 659 4168 Horat.
1018 4132 1032 4168 2
1052 4128 1071 4168 Ι)
