2408 4200
54 274 97 337 84
407 272 451 338 ο.
465 276 624 326 nonanti
648 273 779 324 nasoon

95 423 226 492 Pallida
240 438 328 483 mors
344 438 442 501 aequo
458 418 571 501 palam
584 415 671 497 pede
685 430 867 495 munerum
883 414 1050 490 tabernas,

138 524 332 602 Regumque
348 529 463 582 turres.
509 517 538 580 0
554 518 649 578 beato
663 512 769 587 Sexti,

95 623 185 684 vita
199 638 329 681 summa
341 619 448 681 brevis
462 634 555 698 spem
568 631 628 675 uos
643 615 733 674 retal
748 610 905 674 inchoare
919 613 1062 695 longam.
1092 615 1135 678 15

135 719 158 781 J
160 738 213 781 am
229 727 262 779 te
278 724 402 798 premet
416 733 495 788 nox,
508 712 698 793 fabulaeque
712 730 837 789 manes,

94 819 139 883 Et
154 817 274 879 domus
289 815 386 877 exilis
401 812 576 890 Plutonia;
598 830 666 894 qno
682 812 777 875 simul
792 812 921 889 tuearis,

136 917 209 980 Nec
223 935 321 998 regna
336 913 403 977 viui
418 912 553 976 sortiere
567 913 654 989 talis,

51 1094 99 1142 riae
114 1094 213 1144 ledam.
248 1095 412 1157 Maenaliae
422 1089 655 1154 eminerammi
666 1105 789 1153 morsm
804 1107 868 1142 eam
880 1099 950 1156 utque
965 1092 1059 1152 Regem
1070 1091 1136 1150 pala·

50 1155 95 1205 iia.
131 1160 154 1206 0
158 1160 282 1218 fortunate
294 1158 372 1214 Sexti,
383 1157 470 1204 breves
515 1153 561 1202 'ton
570 1155 627 1202 nita
636 1157 742 1216 probibet
752 1171 794 1205 nos
803 1157 905 1219 incipere
916 1172 979 1219 rpem
989 1157 1135 1204 diuturnam.

50 1218 139 1269 &atim
150 1224 265 1284 mebant
276 1220 415 1277 tetenebrae,
427 1222 451 1266 el
476 1216 540 1276 aseri
553 1218 739 1279 celebratissimi,
756 1227 778 1268 el
798 1221 906 1269 Platonis
920 1225 1000 1268 donea
1017 1221 1088 1267 levis:
1105 1218 1137 1264 ad

51 1298 119 1344 qaam
128 1285 168 1333 abi
179 1286 305 1344 deserueris,
314 1296 384 1343 neque
395 1282 495 1328 talorum
507 1281 576 1340 jactu
592 1282 665 1343 eliges
680 1298 759 1343 regern
774 1284 886 1345 coumoii,
903 1298 974 1346 neque
984 1281 1137 1331 admiraberis

504 1404 680 1426 ‘um

53 1491 121 1537 Flor.
132 1493 202 1537 less.
220 1487 324 1533 Veneti.
337 1487 408 1531 1488.
418 1488 491 1532 lieo.
504 1487 576 1532 1190.
593 1486 857 1545 agnem...ltoedoGott.
866 1486 1033 1548 quadradas
1049 1485 1102 1533 nti.
1113 1492 1137 1534 1.

50 1552 102 1599 Sed
113 1565 176 1610 agna
186 1584 192 1597 .
201 1585 207 1599 .
216 1582 222 1595 .
232 1550 297 1596 laedo
306 1547 358 1594 duo
376 1547 470 1595 Bland.
487 1561 529 1608 ap.
540 1548 619 1609 Cruq.
631 1561 719 1595 omnes
730 1550 805 1596 Tam.
817 1551 901 1597 Palm.
916 1555 937 1597 l.
949 1554 973 1597 2.
985 1554 1007 1597 tl.
1019 1553 1042 1596 l.
1060 1550 1137 1597 Fran.

52 1611 281 1673 Lipss.dno,}larl.
289 1614 403 1659 1.2.4.7.
416 1609 623 1658 Venet.1492.et
634 1619 778 1671 egtroeeuut
788 1612 898 1657 Sarma
906 1614 1042 1671 VirgAEcl.
1050 1616 1137 1660 trull.

50 1675 176 1721 victorin.
188 1680 215 1720 et
227 1673 295 1721 Plot.
308 1688 348 1734 ap.
361 1672 446 1720 Bend.
459 1672 563 1720 Arcens·
576 1672 668 1721 Heius.
682 1674 756 1721 Febr.
769 1673 856 1720 Bentl.
869 1676 933 1722 Crto.
944 1675 1037 1721 Sanad.
1051 1690 1137 1732 mam

52 1737 126 1785 Harl.
138 1741 161 1783 3.
173 1740 227 1782 no.
244 1736 322 1783 ladas
332 1735 406 1783 Harl.
416 1739 505 1783 a-ls
522 1734 611 1783 Codex
624 1736 775 1782 llersmanni
787 1742 814 1781 et
829 1737 903 1783 Dese.
915 1741 938 1783 2.
950 1737 1007 1795 pede
1016 1738 1137 1796 panai.—

52 1804 82 1847 lt
99 1798 180 1846 Codd.
193 1799 272 1861 Cruq.
289 1801 389 1847 Bersm.
401 1804 428 1845 et
441 1798 551 1859 Cnning.
564 1797 646 1854 Μὴ
672 1807 699 1845 et
718 1799 755 1845 ita
772 1799 893 1846 Glarean.
910 1798 1028 1845 Torreat.
1048 1799 1136 1845 Bentl.

50 1862 143 1911 Sanad.
154 1862 327 1923 Furatenberg
338 1871 364 1910 et
377 1861 523 1909 xiia-to
539 1863 597 1908 scau
607 1866 631 1909 te
640 1867 729 1921 premet
740 1875 801 1907 marr
817 1861 868 1908 duo
888 1861 1033 1909 Pulmanni.
1068 1862 1136 1908 Dein

51 1924 111 1971 Aer.
124 1924 201 1972 Desa.
212 1930 235 1973 1.
249 1925 318 1986 Lips.
328 1930 353 1973 2.
369 1924 446 1973 Gott.
456 1931 484 1971 et
494 1924 565 1972 Harl.
577 1928 600 1971 1.
607 1924 741 1984 fabulaque
751 1929 773 1971 et
785 1939 879 1980 manes,¹
897 1924 1005 1984 Cuniug.
1018 1926 1084 1985 conj.
1094 1926 1136 1981 sa-

50 1988 109 2033 baloe
119 2001 262 2048 manesque‚·
288 1989 387 2036 Bonfin.
400 1987 539 2049 fabulasque
556 1988 645 2042 inanes,
666 1987 870 2047 improbantibus
891 1989 986 2034 Mutet.
1007 1989 1091 2034 Lamb.
1110 1994 1137 2033 et

51 2050 122 2110 Lips.
136 2051 225 2114 Autiq.
238 2052 323 2100 Lecti.
336 2052 379 2099 lib.
390 2055 498 2099 rin-ll
517 2047 640 2097 Scheffer.
653 2050 746 2112 Syllog.
758 2052 842 2111 Epist.
854 2059 915 2097 tom.
927 2065 951 2098 v.
963 2066 987 2111 p.
996 2055 1036 2097 23.
1048 2051 1137 2096 Bartlr.

52 2113 84 2159 ad
96 2113 163 2160 Stat.
182 2114 262 2161 Theb.
278 2128 296 2162 r.
314 2118 354 2162 56.
376 2121 404 2162 et
422 2113 666 2162 Advers.xxx.13.
688 2115 754 2174 corrj.
769 2115 850 2161 domus
867 2114 943 2169 exilii,
960 2128 1022 2188 qrros
1043 2113 1138 2160 refellit

52 2176 172 2237 Rutgers.
190 2178 274 2226 Leett.
287 2178 384 2227 Venus.
401 2192 428 2240 p.
440 2179 562 2226 ito—18
578 2176 673 2224 Sanad.
686 2178 740 2224 Noa
759 2190 849 2236 regna;
873 2178 985 2224 Bentleii
998 2192 1069 2229 nnus,
1089 2177 1138 2223 Nee

545 2299 650 2350 NOTAE

51 2399 103 2458 alii,
121 2413 191 2456 agna,
211 2401 250 2452 ire.
268 2404 295 2444 et
308 2397 388 2457 magis
406 2396 536 2443 Latinitati
548 2404 575 2442 et
615 2395 757 2456 etjactsnt.
776 2394 843 2441 Vide
856 2395 938 2455 Epod.
952 2409 977 2441 v.
990 2399 1032 2442 91.

52 2473 187 2532 elegantia
206 2485 346 2532 congruum
366 2470 462 2517 volunt.
497 2470 574 2518 Certe

50 2547 131 2595 nodus
143 2547 168 2592 in
181 2547 274 2606 scirpo.

84 2622 113 2665 13
132 2619 227 2664 Pallida
246 2632 308 2664 orare
326 2633 399 2677 aquo,
421 2617 473 2678 im]
498 2619 573 2668 Clau·

50 2694 116 2740 dian.
139 2693 147 2717 ‘
160 2690 254 2738 Omnia
265 2705 332 2739 mors
344 2692 447 2754 aqrrat)

82 2769 111 2812 ll
131 2765 153 2810 0
170 2764 234 2812 male
252 2766 332 2827 Sesti]
351 2768 444 2815 Lucius
461 2768 573 2829 Sextius,

48 2839 88 2886 vel
100 2839 205 2892 Sestius,
217 2840 259 2886 ille
280 2841 380 2901 estqui
401 2846 451 2888 tum
471 2841 572 2890 fidelem

48 2915 130 2959 Bruto
143 2913 219 2958 etiarn
229 2911 364 2975 profligato
373 2914 510 2962 amicitiam
522 2930 573 2963 ser·

49 2986 127 3046 ravit,
147 2994 174 3032 nl
193 2996 221 3035 et
238 2989 392 3048 probaretur
403 2990 436 3037 sb
449 2989 573 3052 Augusto,

48 3069 75 3107 et
90 3061 183 3108 Consul
202 3069 259 3122 past
271 3063 352 3123 ipsium
365 3061 442 3112 fuerit
454 3065 573 3113 substitu-

50 3142 89 3182 taa
107 3149 163 3182 curu
185 3136 231 3183 Cn.
251 3136 391 3197 Calpurnio
412 3139 516 3199 Pisone,
535 3155 574 3188 au.

49 3207 81 3253 U.
105 3207 135 3254 C.
157 3212 214 3256 710,
243 3210 311 3256 Vide
332 3211 409 3259 Dion.
430 3211 474 3259 lib.
495 3225 573 3263 xant.

48 3282 199 3340 Sigamdrc.

82 3361 111 3403 15
135 3359 197 3405 Vita
219 3374 307 3407 sumina
328 3362 413 3420 breuis,
437 3362 488 3422 iso]
515 3365 573 3412 Non

50 3429 171 3478 debemus
183 3435 303 3482 mortales
316 3437 393 3483 vitam
404 3450 509 3498 sperare
519 3437 573 3485 diu-

51 3513 158 3552 tunnam.

83 3584 113 3624 ttl
134 3581 201 3643 Nax]
229 3584 311 3641 Mors,
329 3584 510 3646 tenebrosique
531 3583 573 3631 lu-

49 3651 106 3698 feri.
126 3653 198 3702 Infra
212 3657 263 3704 Od.
274 3661 315 3704 28.
336 3660 343 3684 ‘
357 3658 453 3705 Omnes
463 3672 513 3705 una
524 3672 574 3706 ma·

50 3735 94 3770 net
107 3729 174 3770 nou)

648 2473 677 2514 17
699 2468 789 2514 Damas
806 2468 886 2528 exilia]
903 2468 1019 2514 Plutonis
1037 2468 1138 2514 aloinum

615 2550 747 2603 angustam
760 2542 793 2588 ob
807 2540 978 2603 frequentiam
999 2544 1138 2589 animarum

615 2630 646 2662 eo
658 2615 868 2662 descendentium
884 2616 994 2662 nonnulli
1012 2619 1137 2677 interpre-

615 2700 710 2739 tantur.
744 2691 794 2738 Sed
812 2692 901 2737 melius
921 2692 962 2737 alii
981 2691 1094 2738 referunt
1106 2693 1138 2738 ad

615 2768 755 2814 exilitatem
770 2767 916 2812 umbrarum
931 2767 985 2813 sive
998 2767 1138 2813 uuiruuruur

615 2842 702 2888 oeulos
731 2840 889 2901 fugientium.
922 2841 1028 2889 Homer.
1053 2842 1140 2888 νεκύων

614 2914 715 2971 ἀμενηνὰ
730 2914 826 2974 κάρηνα,
846 2915 931 2972 Capita
950 2921 1090 2962 morinorum
1106 2919 1138 2961 le-

614 2991 652 3036 nin
678 2995 701 3035 et
723 2989 828 3035 evanida.
864 2989 953 3047 Virgil.
979 2990 1075 3035 AEneid.
1102 3003 1137 3035 vr.

614 3069 669 3111 269.
695 3064 812 3110 ‘Domus
827 3063 893 3108 Ditis
906 3076 996 3108 tacitas
1009 3072 1034 3109 et
1054 3065 1138 3109 inania

615 3139 709 3199 regna!

649 3217 700 3270 Quo
717 3216 786 3262 simul
804 3212 899 3273 mearis]
917 3215 980 3261 Cum
1003 3214 1061 3259 illuc
1083 3228 1139 3274 per-

616 3291 714 3337 veneris
734 3292 787 3351 jam
815 3302 866 3335 non
894 3287 981 3334 licebit
1006 3289 1138 3346 luxuriari,

615 3366 747 3426 indulgere
765 3364 849 3424 genio,
866 3363 982 3409 convivia
998 3365 1138 3422 celebrare,

615 3439 662 3485 lire.

649 3516 678 3557 18
697 3511 747 3557 Noc
762 3524 836 3568 regna
854 3509 903 3554 aial
914 3510 1010 3556 sortiere
1022 3511 1088 3570 talia]
1106 3510 1135 3556 Iu

614 3587 735 3634 conviviis
745 3588 874 3647 eligebant
887 3596 988 3634 veteres
998 3603 1083 3642 regem
1093 3602 1136 3634 seu

615 3663 716 3709 bibendi
728 3663 887 3721 ntagislrum,
897 3664 937 3709 eui
947 3664 1069 3723 parebunt
1080 3676 1137 3707 con·

750 3753 810 3770 nna·
840 3752 921 3770 nontin
945 3739 1037 3770 alar-ela
1059 3735 1134 3770 finiani
