2408 4200
563 277 770 327 PRAEFATIO.

126 624 198 683 tam
211 614 367 701 quidem
355 634 468 698 rpsum
482 616 592 698 primo
612 618 718 682 libros
738 624 803 682 tres
819 618 1035 699 Oarminum,
1032 622 1157 688 deinde
1193 653 1198 679 ι

127 718 264 785 ereda
287 717 389 799 longo
423 715 622 798 interposito
656 723 810 801 quartum
839 717 997 798 edidisse,
1024 729 1143 809 auctor
1170 744 1202 788 e:

129 817 338 887 Suetonius
328 837 364 883 m
378 815 481 898 Vita3
504 818 560 884 cui
581 818 628 883 rei
649 819 749 902 plane
766 818 944 886 sanedoni
964 804 1151 889 institutum
1167 845 1202 890 ra

123 925 366 1102 ”gdtoperee
382 1018 524 1100 pretium
540 1021 603 1095 est,
616 1018 648 1082 h.
662 1038 691 1082 e.
707 1019 869 1084 studiosis
884 1020 1032 1100 Horatii,
1045 1023 1104 1109 qui
1118 1023 1204 1089 Bau¹

126 1120 272 1235 ieiunum
286 1119 460 1203 exemplar
478 1118 523 1183 ed
542 1138 661 1185 manos
681 1140 748 1184 uon
771 1121 909 1234 hahent,
923 1125 1203 1239 accommodatus

10 1490 16 1505 .
126 1423 191 1490 hoc
204 1429 291 1489 certe
305 1422 509 1491 confirmare
531 1442 683 1506 possam
705 1441 768 1500 me,
791 1421 869 1487 dnm
889 1442 1050 1488 recenseo
1072 1425 1194 1507 singu:

128 1523 286 1609 Eeiogan,
310 1523 485 1606 diligenter
506 1523 694 1601 aaaorhsse,
726 1524 756 1587 si
782 1524 866 1607 quid
892 1532 985 1589 esset
1014 1526 1203 1591 Bentleian'

130 1629 311 1708 temporum
338 1624 525 1693 rationibus
545 1624 733 1703 advorsum,
757 1643 817 1690 nec
843 1625 1101 1709 deprehendisse
1130 1629 1204 1711 qu·

130 1744 240 1806 quam,
261 1724 355 1807 quod
369 1732 574 1788 momentum
595 1724 731 1807 aliquod
745 1724 788 1789 ad
803 1744 876 1788 eam
890 1726 1103 1791 evertendam
1118 1726 1204 1790 hab

133 2023 186 2085 lie
202 2024 365 2087 saeculari
379 2022 530 2087 Carmine
553 2044 613 2088 suo
637 2026 713 2091 loco
736 2027 822 2090 satis
843 2026 979 2105 dictum,
1002 2039 1036 2091 et
1049 2029 1165 2092 laudat
1196 2058 1201 2084 ·

134 2123 298 2202 ingenium
313 2122 495 2184 Sanudoni.
537 2124 652 2189 Possit
665 2126 788 2209 aliquis
811 2127 937 2190 Drama
951 2129 1041 2191 velut
1055 2128 1204 2209 quodda

132 2242 196 2286 non
222 2220 372 2285 absimile
396 2227 571 2286 contexere
593 2243 638 2288 ex
659 2226 713 2304 iis,
738 2246 815 2308 qum
837 2228 871 2288 in
898 2226 1069 2290 Canidiam
1096 2227 1201 2309 script

131 2330 218 2397 sont,
240 2321 269 2384 si
284 2321 405 2404 jungat
420 2336 445 2383 ι.
459 2320 532 2386 Sat.
547 2322 579 2387 8.
616 2326 726 2409 Epod.
741 2346 774 2390 v.
797 2335 833 2390 et
849 2343 944 2418 xvir.
960 2327 1101 2410 denique
1118 2326 1204 2388 ι.οι

130 2425 181 2489 16.
195 2423 252 2507 qui
265 2423 340 2505 ipse
356 2421 438 2485 ordo
457 2441 501 2486 ex
526 2435 718 2506 argumento
739 2427 874 2491 elucens
896 2427 1032 2510 pulchre
1055 2427 1197 2491 Bentlei

131 2543 207 2587 nam
220 2523 260 2587 de
275 2523 480 2606 temporibus
494 2522 691 2608 hypothesin
706 2530 887 2592 confirmat.

172 2624 260 2703 Qum
274 2624 386 2689 adhuc
406 2623 590 2707 disputavi,
612 2646 653 2691 ea
675 2629 719 2691 ad
740 2629 832 2692 illam
854 2628 921 2692 fere
944 2635 1072 2713 partem
1088 2629 1197 2694 consil

130 2727 193 2789 mei
205 2727 377 2808 pertinent,
391 2723 481 2807 quod
496 2727 600 2789 statui
619 2745 829 2805 conservare,
852 2731 1064 2809 quantumin
1083 2749 1136 2793 me
1158 2749 1195 2793 es

134 2827 269 2891 Horatii
284 2826 395 2902 verba,
415 2826 630 2908 ordinemque
652 2825 866 2903 Poematum,
890 2838 925 2892 ut
948 2849 990 2892 ea
1011 2848 1056 2891 ex
1078 2832 1203 2913 antiqu'

130 2928 224 2991 libris
239 2925 282 2991 ad
297 2944 360 2989 noa
373 2945 565 3008 pervenere.
611 2924 652 2987 In
666 2923 840 2988 Varietate
862 2927 1047 3006 Lectionis,
1062 2950 1162 3011 quam
1181 2959 1188 2985 ι

131 3036 234 3091 teram
250 3028 360 3091 dotem
383 3025 552 3090 Editionis
575 3033 703 3088 nostrae
728 3025 880 3087 volebam
901 3045 987 3102 esse,
1001 3028 1135 3091 modum
1158 3049 1204 3092 se

131 3148 208 3192 aare
219 3148 294 3193 eum
308 3127 401 3192 volui
418 3126 587 3209 equidem,
607 3145 707 3210 quem
725 3127 887 3208 optimum
901 3126 981 3187 milri
997 3125 1099 3188 videri
1120 3147 1202 3209 supr

132 3230 289 3295 indicavi.
333 3227 510 3302 Natarum,
526 3229 650 3310 quibus
671 3247 712 3292 ea
727 3231 760 3291 in
775 3247 811 3290 re
826 3245 909 3288 usus
923 3244 1008 3300 sum,
1024 3226 1204 3306 explicati

132 3350 207 3394 nem
222 3327 343 3392 deinde
363 3345 501 3408 ponam,
516 3333 549 3390 et
571 3327 689 3390 eadem
713 3325 871 3393 indicabo
893 3324 1021 3389 auxilia
1034 3323 1133 3407 hujus
1148 3323 1197 3387 Ed

133 3432 245 3504 tionis,
260 3448 440 3509 eorumque
455 3435 624 3493 auctores.

176 3526 320 3606 Qualem
347 3537 499 3609 optarem
527 3530 832 3613 interpretationem
867 3528 1015 3601 Horatii,
1048 3523 1084 3588 id
1117 3525 1172 3604 ips
1203 3559 1204 3562 =

132 3644 268 3714 qnoque
283 3643 383 3705 supra
395 3628 537 3704 ostendi,
552 3648 692 3712 eamque
707 3633 868 3694 rationem
883 3648 943 3710 pro
957 3624 1046 3689 virili
1060 3629 1156 3705 parte
1176 3641 1204 3684 s:

133 3737 232 3795 cutus
247 3743 332 3789 sum.
375 3723 571 3792 Benedicta
584 3733 786 3813 abantiquis
810 3727 1008 3791 Scholiastis
1023 3730 1057 3787 et
1077 3724 1189 3787 Baxte

133 3848 200 3893 non
215 3845 306 3909 opus
320 3822 576 3892 habehantmea
596 3830 865 3893 confirmatione:
888 3829 918 3889 si
937 3826 1018 3908 quid
1039 3842 1137 3887 secus
1153 3843 1204 3887 se

134 3931 241 4004 tirem,
255 3928 289 3990 in
303 3924 347 3987 iis
362 3924 460 4001 locis,
482 3928 542 4008 qui
562 3935 762 3992 momentum
782 3924 919 4005 aliquod
941 3925 1061 3987 hahere
1081 3923 1191 3986 videre

134 4037 197 4105 tur,
218 4026 367 4091 indicavi
390 4025 516 4089 libere:
539 4036 685 4093 ceterum
707 4029 762 4091 hic
785 4042 914 4100 moneo,
937 4022 1068 4086 silentio
1085 4042 1138 4085 me
1153 4041 1204 4083 ms
