2408 4200
398 232 604 283 oaaurrrurs
630 233 703 282 ura.
726 233 749 282 r.
770 220 824 285 at.

239 370 396 438 Tractare
412 382 599 457 serpentes,
615 378 652 440 ut
667 383 775 441 atrum

281 472 428 557 Corpore
443 476 647 539 combiberet
661 495 843 557 venenum

198 574 389 639 Deiibcmtn
403 581 505 638 morte
520 573 662 639 ferocior
677 595 696 639 ε,

195 673 304 738 Saevis
319 672 474 738 Liburnis
490 674 623 738 scilicet
637 675 817 754 inridens,-

237 773 377 838 Privata
391 775 514 838 deduci
529 777 675 858 superbo

278 875 360 940 Non
374 876 508 939 humilis
523 877 638 941 mulier
652 877 830 961 triumpho.

64 1047 85 1089 et
95 1045 204 1088 constans
213 1054 287 1088 socos
298 1040 392 1102 aspides
400 1041 548 1100 attrectavit,
559 1045 586 1089 at
601 1040 698 1101 sigrrssr
713 1039 782 1089 ciras
791 1054 885 1102 corpore
894 1038 1010 1102 beorn,
1020 1046 1093 1090 morie
1103 1058 1157 1092 eoa·

61 1104 272 1153 annonantur.
305 1104 396 1166 Nempe
400 1103 501 1164 semisse
509 1104 571 1152 iano
581 1104 693 1164 ignobilis
700 1105 731 1152 od
741 1103 890 1168 magnificam
898 1103 1004 1165 Aeg-asti
1014 1105 1157 1169 triumphem

64 1168 175 1217 bibernis
182 1168 304 1226 ,t'eroce'btss
315 1169 377 1215 velat
386 1168 482 1229 priosta
493 1167 575 1216 devehi
584 1167 730 1216 abhorrebat.

519 1291 700 1311 ‘Um

63 1390 270 1453 Cruq.'i'orrent.
281 1389 316 1437 Η.
324 1397 351 1438 et
360 1390 391 1438 tt
401 1388 507 1450 Stepbh.
516 1388 607 1438 Heius.
618 1388 722 1439 Fabric.
732 1388 898 1438 Fabiiacer.
910 1389 996 1438 Burro.
1005 1391 1155 1443 camssext.

64 1453 393 1516 Bond.Deipb.Scbrerei.
406 1463 432 1502 et
446 1454 536 1502 Comb.
559 1452 611 1501 Sed
621 1454 687 1502 osita
697 1452 868 1513 mnasonis
877 1459 900 1502 et
912 1454 1015 1502 Veneti.
1033 1453 1092 1504 Asc.
1105 1459 1153 1505 Lo-

63 1518 134 1565 cber.
146 1517 235 1566 Beoti.
246 1516 374 1567 Sunion.
384 1516 489 1566 iiiitseb.
497 1517 602 1578 Bipont.
612 1517 719 1565 Wetzei.
732 1514 964 1566 wiketetltido:
977 1518 1043 1567 Vide
1052 1521 1154 1570 Wakei.

62 1580 95 1627 ad
107 1581 181 1644 Virg.
193 1581 273 1630 Geor.
285 1593 329 1630 ru.
342 1584 382 1630 so.
416 1581 466 1630 ‘Et
484 1581 523 1629 sic
535 1587 607 1629 recte
618 1581 751 1644 dispungi,
768 1580 894 1644 quomodo
914 1595 963 1631 non
983 1582 1093 1632 viderint
1112 1591 1153 1634 tot

62 1644 176 1692 editores
188 1657 221 1692 ex
234 1646 312 1693 totius
321 1645 460 1693 sententiar
472 1650 612 1704 structure,
624 1658 677 1693 non
690 1643 829 1707 assequor.'
844 1643 913 1693 Jaai.
935 1645 1010 1705 sortis
1020 1651 1044 1695 et
1054 1648 1151 1710 aspidas

61 1707 123 1756 Vsr.
136 1709 211 1756 Lect.
223 1722 264 1769 ap.
274 1708 431 1758 ,iones—28
449 1708 559 1757 Mentei.
573 1709 670 1757 Pectore
680 1707 894 1758 combiberet-²9
910 1709 1023 1758 Deiiboto
1037 1726 1067 1760 m.
1081 1712 1149 1770 sero-

60 1771 110 1819 eior
121 1771 198 1820 Sacis
215 1771 325 1820 Liburnis
337 1773 453 1834 jungunt
469 1772 565 1821 Schoii.
583 1779 610 1820 et
629 1771 690 1820 edd.
710 1771 765 1820 i‘ere
786 1787 871 1820 omnes
890 1781 954 1822 vett.
971 1775 1033 1822 item
1049 1775 1151 1824 Marcii.

61 1834 182 1884 Nostrum
194 1835 385 1884 distinctionem
398 1843 503 1884 serrant
517 1835 606 1885 bamb.
618 1836 696 1899 Cruq.
705 1836 827 1884 Torreot.
838 1842 865 1885 et
876 1844 986 1886 reeentt.
998 1844 1026 1886 et
1039 1839 1152 1888 vindicat

60 1894 91 1944 P.
104 1898 235 1947 Victorius
246 1900 322 1947 Varr.
334 1899 419 1949 isectt.
432 1911 459 1946 ι.
467 1904 492 1947 9.

554 1993 662 2044 NOTAE

62 2093 101 2137 ro.
119 2087 295 2152 'Cieopatra,'
310 2089 401 2152 inquit,
411 2089 419 2118 ‘
428 2104 477 2139 non
486 2092 541 2153 jam
553 2091 586 2138 de
626 2097 666 2140 63.
682 2091 809 2141 ‘Brachia
818 2092 935 2154 spectari
944 2094 1024 2140 sacris
1035 2093 1154 2143 admorsa

62 2165 125 2222 vita,
144 2178 201 2228 quae
220 2162 388 2226 offerebatur,
405 2166 451 2215 sed
469 2167 500 2214 de
513 2173 586 2230 parte
626 2167 747 2223 colubria,
767 2168 801 2215 Et
819 2167 921 2215 trahere
933 2167 1062 2216 occuitum
1074 2183 1152 2218 mem·

62 2239 132 2302 regni
146 2239 288 2289 ishorshat.
322 2241 398 2292 Quod
410 2242 453 2291 ubi
465 2242 586 2305 despera·
624 2240 672 2290 bre
684 2242 783 2303 soporis
795 2239 864 2289 iter!

60 2315 96 2362 vit
113 2327 128 2362 s
144 2313 278 2377 Principe,
297 2316 443 2380 servarique
457 2331 485 2365 se
496 2318 585 2366 trium·
657 2321 689 2365 tt
706 2317 846 2365 Deliberato
856 2314 1052 2380 morteseroeior]
1064 2318 1103 2367 Eo
1114 2317 1152 2367 fe·

59 2390 109 2452 piro
121 2389 205 2449 ridit3
224 2392 394 2441 incautiorem
411 2400 487 2443 nacta
498 2402 585 2444 curto·
625 2393 718 2454 rocior,
735 2392 803 2456 qnod
818 2393 882 2440 mori
902 2406 1003 2456 quoquo
1015 2393 1091 2442 modo
1101 2402 1152 2444 atc-

58 2463 137 2523 diam,
148 2466 173 2513 in
187 2466 346 2515 Mausoleum
358 2481 385 2515 se
400 2468 536 2530 (sepuicrs
547 2484 585 2517 re·
625 2476 720 2518 tuerat.
732 2468 847 2517 Advorte
855 2466 971 2530 pluribus
979 2469 1069 2519 extoili
1078 2471 1151 2519 Cieo-

60 2538 286 2603 gomsicrocant)
306 2541 423 2603 recepit:
442 2542 486 2590 nbi
506 2543 585 2590 niari-
625 2552 708 2608 patras
730 2543 931 2606 generositatem
959 2558 1036 2607 supra
1063 2547 1151 2595 muiie·

58 2626 121 2672 mos,
134 2621 162 2660 ut
174 2613 282 2672 soiehat,
294 2615 384 2665 indute
395 2618 488 2679 cuitus,
501 2616 527 2665 in
538 2617 585 2666 dii·
625 2618 696 2666 brem
708 2633 806 2678 sexum,
818 2627 847 2666 ut
865 2619 923 2667 hine
940 2619 1033 2670 victori
1044 2622 1151 2671 secedat

58 2685 126 2736 ierto
146 2688 266 2737 odoribus
281 2692 354 2753 soiio,
371 2693 448 2755 juxta
466 2708 539 2741 suum
558 2709 585 2743 se
626 2701 653 2741 et
664 2700 766 2742 crescat
777 2694 867 2756 gioria.
901 2695 1150 2746 Aiisaenimhubere

59 2762 195 2812 coiiocarit
215 2765 365 2826 Antonium,
382 2767 542 2832 admotisque
552 2769 585 2818 ad
626 2769 708 2819 iocum
721 2771 856 2831 potuisset,
876 2771 943 2833 quod
959 2771 1049 2819 scribit
1060 2772 1150 2833 Virgii.

59 2851 136 2886 renas
146 2840 318 2901 torpentibus,
332 2842 406 2905 quasi
417 2857 505 2892 somno
518 2847 584 2894 soiu-
624 2846 724 2894 AEneid.
737 2859 775 2895 ιν.
793 2850 833 2893 93.
852 2847 859 2872 ‘
873 2843 1007 2906 Egregium
1021 2859 1082 2894 sero
1095 2846 1150 2895 isu-

57 2913 101 2961 ta.'
122 2915 246 2965 iiimiiiter
259 2917 411 2966 Piutsrchus
423 2918 514 2981 refert,
530 2935 584 2970 om·
623 2921 681 2970 dem
694 2957 700 2971 .
715 2956 720 2967 .
735 2921 776 2968 ,si
788 2918 892 2967 immina
904 2918 971 2967 ricta
982 2920 1040 2968 est!

55 2990 123 3038 nium
141 3006 237 3053 genere
249 3006 403 3042 venenorum
416 2995 442 3042 in
455 2994 582 3045 damnetis
655 2995 912 3054 eonsentientes]
938 2997 996 3043 Non
1008 3001 1148 3059 paromju·

56 3077 215 3126 expertem:
244 3071 347 3115 anxiam
379 3078 466 3116 autern
494 3068 584 3129 inisse,
623 3072 716 3114 verant
732 3065 875 3122 Augustum
893 3068 917 3111 in
939 3069 1149 3125 reportandam.

57 3143 125 3205 quod
139 3144 455 3204 qurecitoextinguerent,
467 3152 585 3191 crearent
624 3138 675 3184 vali
699 3135 808 3181 victoria
829 3135 935 3181 Liburni
953 3136 1033 3196 illyrii
1053 3144 1150 3204 popuii,

56 3218 264 3279 doloremque
283 3230 344 3263 vero
366 3216 421 3261 sins
439 3214 528 3262 doiore
549 3231 586 3263 es-
625 3208 1149 3276 Liburnaequennresceieriteteinsignes.

56 3301 124 3348 sent,
135 3291 270 3341 celeritate
279 3298 400 3340 carerent
411 3307 417 3338 :
429 3288 532 3338 tandem
542 3304 584 3339 re·
627 3285 666 3332 Ex
678 3298 728 3346 (1¹¹⁰
746 3290 820 3345 patet
836 3298 887 3333 non
907 3284 1011 3348 cymbae
1027 3289 1149 3352 quasdam

57 3383 85 3417 ro
103 3366 300 3429 deprehendisse
321 3364 417 3429 aspidis
437 3379 547 3414 morsum
559 3374 586 3415 et
626 3368 671 3408 aut
692 3358 822 3409 1111111111
850 3360 919 3410 bello
939 3362 1041 3426 ineptas
1063 3363 1151 3428 fuisse,

56 3445 149 3492 citoet
161 3442 216 3490 sine
235 3441 321 3491 doiore
339 3456 459 3498 enecare,
477 3451 584 3503 gravato
624 3442 652 3483 ¹¹1
674 3442 796 3498 putarunt
815 3437 936 3499 quidun:
961 3439 1054 3489 Stridet
1077 3447 1149 3491 cette

55 3534 87 3567 ex
100 3532 190 3566 somno
208 3516 304 3578 capite,
324 3524 351 3564 et
369 3518 417 3564 ieni
432 3516 525 3565 sudore
537 3532 584 3580 per
623 3521 747 3562 rostratas
760 3522 787 3563 et
804 3522 948 3565 constratas
968 3517 1084 3565 extitisse
1097 3524 1148 3565 tra·

55 3596 153 3642 vultum
164 3590 262 3640 diffini).
281 3593 401 3641 Ceterum
410 3593 503 3640 nemini
513 3609 581 3642 com.
622 3589 668 3650 dit,
677 3590 728 3637 siis
739 3599 823 3639 tamen
833 3605 908 3653 quam
928 3591 1046 3640 triremes
1057 3591 1147 3640 forms.

55 3676 158 3732 perium
171 3678 210 3715 est
223 3680 271 3730 quo
290 3667 378 3714 mortis
396 3681 490 3728 genere
506 3668 580 3718 Cieo-
620 3664 687 3712 Vide
708 3665 801 3726 Vegei·
823 3666 856 3712 de
880 3666 921 3713 Re
941 3666 1020 3715 Milit·
1042 3666 1087 3715 iib·
1109 3681 1146 3718 tt.

56 3755 130 3806 patra
152 3744 262 3792 obierit:
280 3751 419 3805 puncturas
437 3750 535 3791 tantum
555 3746 579 3793 in
620 3737 734 3800 Appiw·
748 3739 791 3787 1111·
805 3753 844 3786 tv·
857 3741 905 3788 ⁸²0·

54 3819 158 3868 brachio
179 3823 279 3864 constat
301 3817 405 3877 exiguas
423 3818 581 3878 apparuisse.
652 3813 741 3873 Saeois]
759 3813 786 3861 Si
807 3812 909 3875 quidem
928 3813 1035 3862 Romam
1054 3816 1147 3881 depor-

56 3892 125 3940 Hinc
147 3892 280 3954 Augustus
297 3891 353 3952 ejus
374 3891 536 3937 simulacrum
554 3893 579 3940 in
621 3893 720 3934 tassent
731 3886 814 3933 viram
827 3885 859 3932 ad
872 3885 951 3933 hostis
961 3885 1124 3952 triumphum.

56 3965 183 4025 triumpho
205 3964 289 4019 duxit,
311 3963 430 4012 admorso
450 3963 580 4024 aspidibus
653 3960 876 4017 Scilicetiaoidens,
888 3959 991 4005 Privata
1007 3963 1088 4016 dem
1106 3986 1146 4018 m,

58 4037 170 4085 brachio.
204 4040 242 4087 De
265 4053 316 4102 quo
335 4039 457 4101 Propert.
481 4050 523 4085 ιιι.
542 4043 579 4087 lti.
619 4039 689 4100 perio
714 4036 768 4084 Noa
795 4035 890 4084 humitis
910 4035 993 4084 mutiet
1019 4044 1147 4107 triumpho]
