2408 4200
339 227 343 236 ’
382 257 588 307 casuruuu
615 257 689 307 nra.
712 257 768 306 ιιι.
788 241 842 308 27.
1079 247 1144 315 ott

225 400 268 463 Et
282 418 403 464 mernor
416 399 535 476 nostri,
545 397 702 477 Galatea,
716 400 833 465 vivas:

224 499 339 581 Teque
351 519 415 564 nec
430 499 537 562 laevus
552 506 643 564 vetat
658 500 705 565 ire
721 502 831 583 picus,
1101 505 1143 568 lt

484 600 518 664 N
520 621 558 664 ec
573 621 659 683 vaga
673 602 797 665 cornix.

226 701 293 764 Sed
309 700 404 764 vides
420 708 546 782 quanto
559 702 699 785 trepidet
712 702 856 766 tumultu

227 800 357 865 Pronus
373 800 495 865 Orion:
517 820 578 881 ego
590 802 671 885 quid
686 804 730 867 sit
744 809 815 866 ater

49 1024 459 1087 suteuatatriicarmqaeoolueric,o
473 1024 585 1083 Galatea,
605 1030 628 1073 ei
646 1025 698 1074 ciac
716 1025 792 1073 nostri
811 1027 945 1075 armarius
961 1029 1145 1075 acroamate

55 1102 97 1134 rree
115 1102 212 1151 pergere
223 1089 335 1150 impediat
345 1089 444 1136 cirruter
460 1089 525 1150 picas
536 1104 577 1135 trec
587 1089 671 1136 cornix
681 1089 826 1148 ragahuda.
859 1090 895 1138 At
908 1091 984 1138 cernis
995 1095 1080 1152 quam
1089 1090 1144 1146 sru-

54 1165 111 1211 ιοιι
126 1158 233 1214 properet
246 1153 322 1201 Orion
332 1152 437 1201 decliuis.
471 1153 524 1213 Ego
542 1152 591 1200 scio
609 1166 677 1214 quant
693 1153 847 1215 periculosum
865 1155 896 1202 cit
909 1154 1059 1203 Adriaticum
1069 1165 1141 1212 mure,

523 1328 555 1348 Ν
557 1327 692 1348 ΙΙΙΙΙΙ

56 1456 136 1505 With.
155 1457 317 1506 amaria-lt
333 1457 368 1505 At
387 1472 473 1505 uremur
483 1459 558 1506 nostri
570 1459 679 1519 Cuuiug.
695 1465 722 1507 et
740 1457 834 1506 Sanad.
852 1457 969 1505 Galatica
979 1457 1092 1517 nonnulli
1104 1470 1147 1519 ap.

56 1520 127 1581 ianr,
146 1521 213 1566 cicer
228 1520 304 1582 Usque
317 1535 359 1568 rrec
374 1522 443 1582 conj.
455 1523 598 1572 witin-lb
618 1523 650 1571 Te
664 1538 737 1585 neque
749 1523 819 1585 Lips.
831 1526 854 1569 1.
881 1522 964 1583 Neque
980 1527 1004 1570 te
1022 1520 1098 1570 codd.
1118 1527 1146 1570 et

56 1583 116 1631 edd.
128 1597 169 1642 ap.
181 1583 289 1645 Cuninp.
302 1585 369 1632 uude
382 1585 403 1632 is
415 1586 523 1649 Namque
541 1602 591 1645 aec,
611 1588 678 1650 quod
699 1593 856 1648 receperant
874 1584 969 1634 Sanad.
985 1592 1012 1633 et
1029 1585 1144 1633 Francis.

56 1661 103 1694 rrorr
125 1649 198 1694 loeaac
220 1646 292 1696 Harl.
312 1653 336 1696 6.
359 1654 420 1697 ceint
440 1651 514 1700 Harl.
536 1656 557 1699 l.
576 1656 601 1699 2.
622 1656 646 1699 8.
666 1656 691 1699 d.
711 1657 735 1698 d.
754 1665 818 1698 unus
839 1650 897 1697 Vnt.
922 1649 1047 1709 Lambini,
1065 1648 1145 1697 Brod.

56 1709 126 1772 Lips.
141 1715 162 1757 1.
181 1726 196 1758 a
213 1725 246 1759 ιιι.
264 1726 317 1760 sec.
336 1714 411 1761 Desa.
423 1717 447 1762 2.
470 1715 557 1764 Bentl.
575 1716 685 1777 Cuning.
701 1715 795 1764 Sanad.
813 1713 928 1774 Francis,
946 1713 1059 1773 Teucri,
1076 1713 1142 1762 Sivr.

55 1773 169 1822 Sennid.
187 1774 287 1825 Wakef.
305 1777 438 1826 cumbet
460 1779 540 1829 thd.
563 1785 626 1828 celet
651 1781 732 1828 ceteri
749 1792 834 1827 omues
852 1777 926 1826 codd.
944 1786 970 1824 et
988 1776 1046 1823 edd.
1063 1778 1143 1839 antiq.

56 1851 114 1886 cum
140 1840 237 1887 Aluret.
259 1841 380 1888 Torreat.
397 1842 476 1903 Cruq.
498 1843 561 1890 Fab.
588 1843 678 1903 Stepb.
698 1843 817 1903 liutgeri.
838 1842 933 1888 Decet.
956 1841 1034 1888 Bant.
1054 1839 1145 1889 Jonas.

57 1899 153 1963 Delpb.
166 1903 249 1951 Boud.
269 1904 399 1953 Scbrevel.
415 1905 484 1956 Jaui.
500 1906 605 1964 Bipont.
619 1905 722 1952 Mitsclr.
733 1913 760 1951 et
773 1904 944 1952 want-ra
960 1903 1042 1950 ‘Post
1061 1903 1144 1949 ceruix

55 1966 130 2013 colon
143 1967 168 2014 iu
180 1967 264 2014 multia
275 1967 334 2014 edd.
347 1975 468 2025 tauquam
486 1980 555 2027 seqq.
571 1968 623 2013 rint
635 1966 769 2028 apodoais:
787 1963 871 2012 falso!
885 1966 1016 2013 dani-1⁷
1035 1964 1108 2014 Harl.
1120 1969 1145 2012 6.

56 2029 113 2076 Nou
123 2031 197 2078 uides.
231 2029 368 2077 Pulmanni
379 2029 470 2075 Graev.
489 2029 560 2089 Lips.
572 2032 594 2075 l.
605 2027 658 2077 Alt.
671 2033 694 2076 1.
706 2044 720 2076 a
731 2043 764 2076 ιιι.
777 2043 828 2076 sec.
839 2029 948 2091 Cuniug.
958 2028 1053 2077 Sanad.
1067 2028 1145 2075 Fran·

56 2093 93 2140 cir
105 2101 132 2139 et
141 2094 253 2141 Towers.
267 2093 442 2150 trepidab-lfl
460 2089 523 2138 Post
536 2093 609 2138 Oriorr
623 2093 796 2151 interrogandi
811 2093 910 2153 siguum
922 2093 1044 2142 exhibent
1056 2092 1146 2140 Basili.

56 2155 153 2202 Marcet.
166 2155 244 2215 Cruq.
259 2155 380 2200 'l'orrent-
401 2152 475 2201 Febr.
487 2155 578 2215 Steplr.
590 2156 654 2203 Fab.
673 2156 792 2215 liutgeri.
811 2157 893 2204 Bond.
903 2156 1036 2206 Selrreuel.
1048 2157 1145 2218 Delpb.

57 2216 146 2264 Bentl.
163 2217 271 2280 Cuniug.
293 2217 386 2265 Sanad.
400 2218 515 2280 Francis,
528 2219 641 2274 Touerr,
665 2220 760 2268 Dacer.
779 2219 879 2267 Waltet.
892 2229 918 2267 et
936 2220 1015 2268 liidd.
1031 2221 1145 2269 ‘Melius

548 2379 655 2430 NOTAE

90 2512 118 2554 15
137 2508 188 2555 Nec
210 2509 282 2558 loerar
301 2515 364 2558 cetat
385 2511 420 2560 irc
436 2512 510 2572 pieria
528 2512 580 2561 Nec
621 2525 688 2574 geru.

55 2597 116 2641 carga
125 2583 219 2644 cornu]
237 2585 578 2634 Plaut.Asinar.Scen.1v.
653 2590 683 2633 17
702 2585 749 2633 Sed
760 2583 824 2630 uidet
835 2586 929 2644 quarite,
944 2579 995 2642 Aa]
1013 2579 1145 2638 Attamen,

56 2657 64 2682 ⁸
79 2657 155 2703 Picus
173 2667 199 2703 er
219 2659 308 2704 cornix
326 2659 358 2705 ab
374 2662 437 2708 lara
449 2670 503 2708 ert:
522 2676 579 2709 eor·
620 2661 766 2719 oGalatea,
778 2672 809 2706 ne
822 2665 919 2705 temere
933 2654 1065 2717 tepcrfido
1076 2670 1145 2704 com·

57 2743 103 2776 vus
116 2730 257 2791 porro(als.
269 2731 353 2793 porra)
366 2736 499 2782 adextrn:
519 2751 578 2784 cou-
619 2736 707 2782 mittas
722 2735 801 2780 utari:
820 2732 994 2780 animadverte
1015 2731 1145 2780 innuriueu-

56 2804 183 2854 suadent!
199 2806 266 2854 Plio.
280 2819 307 2853 x.
324 2811 362 2855 12.
382 2810 498 2857 ‘Cornix
508 2810 577 2856 inau-
620 2817 670 2856 teor
684 2807 717 2854 ab
729 2808 826 2854 Orione
838 2812 1026 2868 tempestatem.

55 2880 161 2943 spicata
174 2887 213 2928 est
229 2881 394 2942 garrulitatis,
406 2896 420 2928 a
431 2882 580 2944 qrrlbusdam
647 2886 677 2929 18
694 2882 788 2928 Pronus
799 2880 887 2940 Orion]
906 2881 1039 2937 Devexus,
1049 2880 1081 2927 ad
1091 2880 1142 2929 Oc·

54 2963 137 3006 tamen
160 2955 283 3005 laudata.'
316 2956 355 3003 ld.
378 2956 439 3004 ibid.
460 2971 518 3018 cap.
542 2961 580 3006 18.
612 2967 825 3015 casuurvergeur.
852 2955 893 3000 De
909 2968 939 3000 eo
953 2966 971 3000 r.
984 2954 1035 3002 0d.
1047 2960 1088 3002 28.
1099 2959 1140 3001 21.

59 3034 131 3082 ‘Piri
150 3033 264 3094 (Gallice
275 3030 367 3094 pioert)
379 3032 475 3080 Martio
487 3046 581 3094 cogno·
612 3045 643 3079 ιι.
655 3030 707 3079 Od.
719 3033 759 3076 la.
772 3029 797 3075 in
809 3026 868 3075 fine.

56 3107 133 3168 ruine,
147 3107 257 3168 insignes
267 3114 293 3153 et
305 3106 390 3166 magni
411 3108 435 3153 iu
453 3105 584 3168 nrrspioiir.
645 3107 698 3166 Ego
708 3104 763 3167 quid
775 3103 807 3151 rit
819 3107 871 3150 ater
882 3100 977 3159 Adrioe,
988 3100 1053 3159 arai,
1069 3100 1144 3162 ιίιιιιι,

58 3181 189 3242 ....lpri
209 3181 364 3245 principales
384 3181 458 3228 Latio
477 3188 536 3228 aunt
554 3180 580 3228 in
620 3185 674 3245 te]
702 3183 770 3232 Cave
792 3179 869 3229 etiarn
890 3188 917 3228 et
940 3180 1001 3227 time
1021 3179 1146 3229 Adriatici

56 3257 168 3318 trigariis
186 3257 285 3318 aRege
298 3258 339 3318 qui
359 3270 451 3304 nomen
465 3256 522 3303 lruic
539 3255 581 3302 avi
619 3259 695 3307 uraris
707 3257 905 3318 navigationem.
924 3254 1008 3316 Hujus
1020 3269 1069 3317 ego
1079 3255 1147 3316 peri·

55 3331 136 3380 dedit.
154 3331 226 3378 Unus
238 3346 324 3379 eorum
338 3333 363 3379 iu
382 3333 467 3395 capite
483 3333 580 3380 Prato·
619 3334 677 3381 cula
695 3346 749 3380 auru
768 3335 903 3392 expertus,
920 3328 1002 3390 iuquit
1015 3328 1147 3389 Horatius,

56 3408 91 3455 ris
104 3405 194 3454 urbani
216 3407 245 3454 1..
262 3407 402 3455 Tuberonis
419 3409 444 3455 in
456 3407 578 3468 forojura
619 3423 677 3457 cum
697 3407 811 3468 Athenas
829 3403 991 3467 profecturus
1009 3404 1146 3453 conscendi

56 3482 233 3543 protribuuali
245 3482 375 3530 reddentis
389 3483 455 3529 sedit
472 3484 506 3530 ita
525 3484 579 3544 pla·
620 3497 690 3530 mare
706 3479 852 3530 Brundusii.
886 3479 958 3526 'l'une
977 3478 1053 3527 etiam
1072 3479 1146 3528 iutel-

54 3557 122 3619 clde,
142 3567 169 3606 ut
189 3572 264 3605 uranu
286 3557 496 3617 prehenderetur.
531 3558 579 3605 Re·
618 3560 669 3606 leui
683 3557 760 3618 ‘quid
774 3556 845 3603 albus
854 3563 945 3617 peccet
958 3554 1060 3616 lapyx‚'
1071 3569 1145 3618 quarn

55 3631 579 3694 sponderel⁷ates,exitiuurlrnperiopor·
620 3647 688 3694 saepe
711 3633 781 3678 t'allat
805 3638 831 3677 et
851 3630 966 3692 decipiat
988 3640 1078 3678 ventus
1103 3631 1146 3677 ille

57 3708 128 3755 teudi
141 3710 161 3755 si
174 3709 362 3766 dimitteretur,
380 3718 405 3754 at
419 3707 438 3754 si
453 3707 578 3755 exanima·
619 3705 683 3755 tlaus
695 3722 727 3754 ex
740 3705 845 3767 Apulia,
858 3706 883 3752 iu
896 3704 1026 3753 Graeciam
1037 3718 1145 3766 pergen-

57 3791 136 3834 retur,
148 3783 266 3831 Praetori.
293 3785 326 3831 Et
344 3783 386 3830 ille
402 3792 487 3830 autent
500 3783 579 3844 proti·
620 3785 689 3831 tibus
709 3783 782 3829 initio
800 3779 938 3842 propitius,
957 3787 983 3825 at
1004 3787 1110 3840 repente
1131 3792 1144 3823 e

58 3869 103 3901 nna
114 3858 272 3917 concerpsit:
292 3872 340 3905 nec
360 3860 439 3904 nrulto
457 3867 515 3919 post
534 3858 578 3904 iur·
620 3861 686 3905 caelo
704 3871 795 3905 sereno
813 3854 1027 3917 procellaecieus,
1040 3861 1065 3898 et
1086 3866 1146 3897 uarr-

57 3929 137 3990 plerit
162 3931 322 3991 prodigium)
357 3935 387 3980 C.
412 3933 503 3991 Calin,
526 3935 578 3980 sire
621 3930 701 3994 fragia
713 3945 813 3994 parans.
833 3931 874 3976 De
886 3940 945 3974 eor.
959 3926 1044 3972 (ida.
1057 3931 1080 3973 t.

59 4004 139 4054 balio
151 4002 175 4050 id
188 4004 277 4051 tribuit
290 4006 425 4052 Frontinus
440 4007 464 4053 iu
480 4009 578 4054 Strate-
