2408 4200
63 308 87 373 4
463 312 493 363 d·
516 310 557 361 H·
578 306 740 361 0181111

62 464 216 533 licenflll!
230 454 441 529 dfifimtflms
455 470 547 537 Βωβθ
566 450 611 515 fid
626 448 785 523 hebalus
801 446 983 527 fflssissl'iss,
996 446 1147 533 amm*

63 566 186 653 putum,
198 555 432 639 Gmcalogias,
441 552 607 619 Personas
620 551 793 613 matare
802 548 1146 635 nobiles,postpaulo

63 659 254 749 ignorantiae
269 656 413 741 quadarn
427 659 526 719 nocte
541 648 701 735 sepultas,
715 648 933 730 alludentem
954 649 1078 733 quibus
1089 668 1147 715 ue-

62 781 127 851 que
138 763 246 833 vacet,
258 774 364 838 neque
380 752 465 817 alias
479 752 639 831 integrum
653 748 701 812 sit
713 747 758 813 ad
776 748 862 812 alios
874 748 977 814 libros
990 748 1147 827 mosim,

61 876 199 944 msguos
218 850 474 921 commentarios
494 848 640 926 volvere,
668 847 726 931 qni
756 849 938 929 presertim
967 848 1148 913 destituunt

60 979 164 1045 ampo,
176 956 235 1023 obi
257 952 392 1019 minimo
416 966 503 1033 opus
523 954 605 1025 erat,
628 946 826 1027 studiosos3
845 947 910 1013 hac
930 966 1010 1031 ergo
1030 948 1147 1039 condi·

59 1063 151 1130 tione
166 1073 243 1123 cum
260 1058 296 1118 et
315 1050 422 1133 major
442 1053 477 1113 et
496 1048 641 1113 nobilior
659 1066 739 1132 pars
753 1050 800 1113 sit
813 1048 976 1115 lectorum
990 1046 1146 1130 Horatii3

59 1156 210 1246 optabile
233 1170 314 1219 sane
347 1156 421 1213 erat
448 1147 563 1217 wan
588 1148 831 1233 exemplarium
858 1156 976 1215 extare
1001 1150 1145 1233 copiam,

59 1278 137 1346 qum
146 1259 273 1328 breves,
282 1268 323 1313 ne
335 1254 470 1313 onerent
481 1254 516 1312 et
528 1247 621 1313 velut
635 1250 777 1314 obmant
786 1250 897 1333 ipsum
906 1247 1062 1327 Po'c'tam,
1071 1250 1144 1328 scd,

59 1370 220 1445 quantum
233 1350 384 1436 prestari
404 1352 526 1429 potest,
539 1349 647 1413 bonas
660 1349 949 1435 interpretationes
967 1368 1081 1415 corum
1095 1351 1145 1414 lo·

58 1454 336 1527 commisceant
355 1454 359 1459 “

100 1553 300 1641 Spectabant
310 1547 375 1612 lroc
388 1548 566 1631 prudentes
581 1550 644 1614 riri
658 1551 717 1633 qui
740 1550 906 1634 Delphino
927 1557 1001 1614 tum
1016 1568 1091 1627 suo,
1108 1558 1144 1615 ct

56 1676 117 1743 per
137 1655 224 1718 lrnnc
247 1648 409 1714 studiosis
435 1649 584 1733 reliquis,
607 1651 721 1732 parari
741 1651 909 1732 jubebant
935 1668 1059 1728 eorum,
1084 1651 1144 1733 qui

57 1747 605 1825 cusstctvocantur,1ntinornn
630 1750 836 1832 Scriptorum
861 1749 1054 1816 Editiones:
1083 1751 1147 1815 sed·

56 1856 212 1942 qnantum
231 1849 264 1911 ln.
279 1867 311 1912 e.
333 1866 433 1930 quam
454 1866 572 1931 pamm
594 1850 745 1933 quidam,
767 1870 867 1933 quam
885 1851 967 1914 nihil
991 1850 1143 1934 plerique

55 1950 264 2039 profecerint,
280 1968 371 2031 saepe
380 1949 453 2032 jorn
466 1948 617 2015 homiues
632 1951 754 2016 eruditi
769 1952 946 2034 conquesti
959 1956 1046 2015 sunt.

85 2047 249 2117 -Hortttio-
263 2047 346 2111 illud
367 2050 537 2113 commode
561 2059 682 2133 praeter
702 2052 881 2135 plerosque
902 2050 1039 2127 accidit,
1053 2049 1149 2134 quod

52 2148 181 2220 inventi.
191 2154 267 2212 sunt
279 2155 406 2213 mature
420 2148 653 2221 Grammatici,
662 2151 721 2232 qui
735 2150 790 2214 rol
803 2149 938 2214 nomina
955 2150 1143 2214 Horatiana

51 2249 148 2316 libris
169 2249 381 2331 explicarent,
396 2252 450 2314 vel
471 2250 606 2315 Scholia
626 2257 662 2313 et
683 2248 923 2312 Annotutiones
949 2248 1143 2325 seriberent,

54 2350 176 2434 quibus
189 2367 231 2412 eu
251 2350 327 2412 loca
349 2350 567 2425 declararent,
590 2369 665 2429 quas
689 2347 922 2412 obscuritatem
938 2346 1083 2427 aliquam
1099 2347 1142 2410 ab

52 2451 107 2526 iis,
133 2468 219 2530 quas
244 2448 500 2511 commemoravi
522 2446 636 2524 modo,
663 2448 779 2510 causis
804 2452 1059 2523 contraxerant3
1085 2447 1143 2529 qui

51 2552 250 2633 praestarent
272 2545 430 2621 Horatio,
455 2545 543 2627 quod
565 2565 628 2609 sao
656 2545 810 2610 Boilavio
840 2551 955 2608 nostra
984 2548 1143 2611 memoria

52 2648 222 2731 praestitit,
237 2645 280 2707 ab
296 2645 372 2725 ipso
389 2645 527 2726 adjutus
549 2653 699 2720 auctore,
716 2645 929 2724 Brossettus3
952 2645 1049 2728 cujus
1064 2646 1142 2709 abs-

52 2768 118 2832 que
133 2745 380 2821 commentario,
395 2748 660 2829 quotusquisque
675 2744 851 2809 Gallorum
874 2747 1026 2827 ipsorum
1041 2749 1141 2812 hodie

51 2848 250 2926 intelligeret
279 2845 491 2909 Boilaviuml
528 2846 763 2930 Antiquissimi
790 2867 867 2928 ergo
899 2867 1025 2924 eorum,
1054 2868 1141 2930 quos

50 2947 150 3011 hodie
165 2945 373 3010 scholiastes
387 2946 525 3027 vulgato
536 2949 667 3010 nomine
683 2948 900 3031 appellamus,
912 2948 1040 3012 discere
1056 2949 1141 3011 mul-

51 3053 87 3108 ta
100 3066 145 3106 ex
160 3048 297 3109 sonibus
311 3049 364 3110 vel
380 3066 423 3109 ex
437 3047 533 3112 libris
552 3054 714 3131 poteraut,
730 3068 867 3130 quorum
884 3056 1003 3132 postca
1017 3069 1142 3113 memo·

52 3144 103 3208 riu
116 3143 297 3208 intercidit.

94 3244 228 3306 Horum
251 3245 280 3306 si
303 3244 403 3308 hodie
426 3247 544 3311 sinceri
570 3252 721 3311 extarent
744 3250 984 3325 commentarii,
998 3249 1041 3312 ad
1066 3269 1140 3312 eum

50 3340 194 3414 modum,
209 3347 248 3402 ut
262 3339 404 3404 Asconii
428 3344 565 3407 Pediani
581 3348 736 3427 quaedam
753 3348 924 3411 Ciceronis
941 3349 1140 3412 Orationem

50 3442 344 3520 interpretamenta
358 3441 531 3519 habemus,
547 3449 627 3508 mire
649 3449 725 3508 inde
745 3449 956 3529 adjuvaretur
966 3450 1140 3530 jucundis-

51 3542 127 3604 simi
143 3538 259 3601 Po'etae
273 3540 494 3621 intelligentia.
541 3546 609 3607 Sed
636 3547 815 3609 dolendum
838 3558 901 3624 est,
917 3552 965 3612 ita
988 3570 1008 3612 a
1032 3559 1139 3631 poste·

28 3638 193 3703 'rioribus
215 3639 357 3720 priorum
380 3642 510 3706 labores
535 3665 611 3707 esse
635 3657 821 3729 corruptos
845 3654 1025 3724 truncatos
1041 3651 1139 3712 inler-

50 3741 193 3820 polatos,
216 3741 264 3802 uti
286 3759 374 3803 nunc
397 3761 483 3824 opus
506 3746 552 3808 sit
573 3747 704 3810 homine
730 3751 860 3812 subacti
884 3752 987 3814 rrurlto
1016 3770 1076 3810 usu
1105 3755 1138 3809 et

51 3840 149 3917 longa
170 3842 407 3906 cousuetudine
427 3844 562 3925 judicii,
585 3851 641 3931 qui
665 3853 786 3912 veteris
809 3872 964 3933 purpuras
985 3848 1137 3921 lucinius,

53 3939 212 4000 interdum
227 3941 284 4002 vix
300 3944 476 4023 filamenta,
491 3966 605 4011 eruere
627 3969 671 4011 ex
693 3951 768 4012 istis
791 3956 997 4023 centauricus,
1014 3949 1137 4010 atinde

51 4039 158 4101 lucem
174 4058 268 4104 suam
287 4043 365 4104 dare
384 4043 528 4111 Horatio
544 4051 660 4130 possit.
694 4051 729 4114 Si
746 4053 823 4132 quis
838 4053 913 4114 talis
927 4050 1137 4111 uarroisratur
