2408 4200
410 266 613 317 cenninus
639 268 713 317 urs.
735 265 762 317 s.
783 255 816 318 9.
1093 255 1176 325 10⁰.

512 506 609 572 ODE
643 508 714 572 lx.

426 656 477 702 An
500 656 798 706 rusuruncrruu.

61 769 196 826 Horatius,
206 769 266 820 dum
281 769 357 833 fingit
373 784 401 820 se
416 771 499 821 adhoc
513 771 633 822 doctrino
649 774 774 834 Stoicum,
792 772 971 823 adolescentes
987 772 1154 834 nobilcs‚sub

97 849 157 899 ficto
167 850 308 900 Thaliarchi
327 852 438 909 nomine,
449 867 464 902 s
475 853 634 916 cogitatione
651 853 814 918 Reipublicae
833 852 866 902 ad
878 851 1034 918 Epicuream
1051 860 1080 903 et
1090 853 1154 903 suti*—

94 942 151 979 csm
161 930 239 980 sitnm
250 930 340 980 silicit.

189 1026 325 1104 Vinus,
340 1033 378 1092 ut
389 1029 460 1094 alto
475 1036 541 1095 stet
555 1032 632 1096 nive
648 1031 829 1095 candidum

190 1128 342 1205 Soracte,
356 1148 419 1194 noc
430 1130 502 1213 jam
517 1134 698 1197 sustineant
712 1152 799 1196 onus

231 1228 345 1312 Sylvae
358 1230 561 1309 laborantes,
575 1232 714 1314 geluque

276 1327 432 1393 Flumina
447 1332 656 1395 constiterint
668 1337 780 1396 acuto.

97 1490 210 1552 Cercius
221 1493 367 1556 murcie,
377 1495 565 1558 mnodum
576 1495 673 1545 Soracte
682 1496 762 1544 mois
769 1495 863 1545 simbus
872 1495 950 1545 own
960 1495 1072 1560 rigescat,
1081 1510 1155 1558 seque

60 1554 280 1616 syloaesntiscsrrtss
289 1559 359 1617 serre
368 1560 467 1622 ampliss
477 1565 561 1622 quart
569 1561 669 1621 mus,
679 1567 701 1609 et
706 1559 781 1624 Jluoii
791 1561 842 1609 scri
850 1559 927 1622 glacie
937 1560 1059 1610 mestar.
1091 1559 1156 1610 Arce

517 1685 575 1707 om
578 1685 697 1706 onnon

93 1762 152 1813 Ode
160 1765 217 1815 lrec
228 1771 267 1816 est
279 1765 348 1817 Libri
359 1766 435 1831 liujus
444 1765 562 1818 secunde
573 1767 600 1816 io
612 1766 663 1816 Ed.
677 1766 771 1816 Sensd.
798 1766 863 1816 Tres
870 1765 1000 1816 Tomeotil
1017 1765 1095 1815 codd.
1112 1766 1153 1815 in·

58 1827 189 1878 urinum:
205 1831 246 1879 Aa
264 1831 471 1881 reticulum-4
490 1830 603 1895 Cuniug.
613 1836 663 1879 stot
674 1831 783 1880 nice-4
800 1830 908 1879 Hertz
924 1836 953 1880 et
971 1829 1056 1879 contu
1077 1843 1153 1878 ,ωη-

57 1889 180 1942 sums.
213 1894 318 1943 Veneti.
330 1899 402 1944 litio.
415 1897 487 1944 1⁴9⁸.
503 1894 617 1956 Xyieod.
629 1895 730 1943 rubrio.
742 1894 829 1942 lamb.
841 1893 1050 1957 Croq.'1’orrcnt.
1089 1893 1152 1941 cios.

59 1953 267 2020 Stcpmiisrque
278 1956 366 2008 multe
377 1963 541 2007 seiunctum
553 1958 734 2020 interrogsndi
744 1957 841 2007 hebent
852 1964 913 2019 post
922 1961 1009 2015 ocsto3
1024 1957 1061 2006 its
1074 1957 1153 2005 etism

546 2084 651 2136 NOTAE

94 2175 152 2227 Ode
181 2184 223 2228 est
247 2179 352 2230 Diroios
377 2179 585 2244 Tetrutropircs.
625 2180 703 2229 milia
715 2186 775 2227 sunt
787 2188 948 2242 pacemque
959 2179 1084 2224 vocantur
1095 2174 1155 2225 ilir-

59 2251 120 2301 Duo
134 2254 209 2317 primi
220 2269 309 2304 versus
324 2261 383 2304 sunt
394 2254 524 2317 Dactylici
542 2255 586 2304 ill·
626 2254 686 2317 pie,
706 2268 763 2317 quae
780 2250 910 2302 sacrificio
929 2263 1022 2311 muno,
1035 2249 1104 2313 quod
1123 2250 1154 2300 tit

59 2328 125 2377 esici
157 2329 319 2380 Aestatecti:
347 2345 394 2394 pes
420 2331 517 2394 primus
547 2337 587 2380 est
626 2331 659 2378 nd
671 2337 783 2378 montem
801 2329 925 2378 Soracten
940 2324 1065 2389 Apollini,
1076 2339 1154 2390 super

57 2402 198 2465 Spoudoeus
210 2407 251 2456 sel
266 2405 388 2455 Iambus:
405 2406 586 2456 secunduscst
625 2408 770 2457 ambustam
789 2405 853 2471 ligni
873 2412 971 2456 struem
992 2402 1154 2453 ambulantes

56 2476 162 2530 lembus
173 2494 275 2545 semper
287 2495 345 2530 eum
356 2463 478 2530 cnsur'a:
492 2481 585 2530 tertius
624 2499 676 2535 non
695 2480 857 2534 aduruntur!
887 2479 961 2530 Idem
984 2477 1040 2529 t'ere
1058 2477 1154 2528 Strabo

57 2556 403 2620 ctqnsrtusruutllsctyli:
625 2560 670 2609 lib.
694 2576 720 2611 v.
756 2561 854 2611 Dictus
878 2556 973 2606 exinde
994 2569 1067 2605 mons
1089 2554 1153 2604 Divi

55 2628 135 2680 Vides
149 2631 154 2695 Ι
169 2634 196 2679 tu
215 2633 240 2681 ii
254 2631 259 2696 Ι
274 2635 301 2681 ti
314 2630 319 2694 Ι
333 2633 385 2681 stet
406 2630 464 2681 nise
479 2628 484 2694 Ι
497 2629 586 2680 cnudi·
624 2634 759 2697 sylvestri,
774 2632 894 2699 quonium
910 2631 936 2681 iu
955 2630 1012 2695 ans
1028 2629 1153 2693 spelunca

298 2705 360 2755 ditm
624 2710 729 2761 delituit
747 2717 852 2760 senetur
874 2707 917 2756 iile
937 2704 1074 2768 Pontifex,
1090 2704 1152 2754 tium

56 2777 159 2828 Tertius
180 2789 220 2830 est
247 2779 376 2830 laiubicus
403 2779 584 2831 Archilochius
623 2786 649 2835 ln
677 2786 835 2836 Christianos
863 2783 967 2832 saeviret
991 2781 1152 2830 Maxentius.

56 2852 177 2904 Dimetcr
189 2855 431 2919 hypercatalectus.
464 2854 516 2904 Pes
532 2855 584 2919 pri·
623 2862 718 2923 Hodie,
733 2864 818 2911 Monte
836 2857 864 2906 S.
883 2859 968 2905 Oreste
984 2863 1099 2916 vocatur,
1117 2854 1151 2903 ab

55 2942 113 2978 mus
124 2937 152 2980 et
167 2931 261 2980 tertius
277 2937 318 2980 cat
334 2929 437 2981 lembus
449 2932 489 2980 rei
500 2933 583 2996 Spou·
622 2937 759 2999 adjacente
772 2931 880 2996 oppido,
901 2931 927 2979 ln
945 2929 1043 2981 ditione
1060 2930 1152 2979 Ponti·

54 3003 143 3055 deus.-
160 3005 289 3057 secundus
306 3015 335 3058 et
353 3017 460 3072 quartus
480 3022 584 3072 semper
622 3011 696 3061 ficia:
714 3006 912 3067 recentioribus,
929 3005 1000 3054 Mors
1014 3005 1091 3054 eoacti
1104 3006 1150 3051 Oi-

53 3078 138 3130 lambi
149 3096 206 3132 cnm
219 3084 321 3145 syllaba
331 3084 490 3145 superstite:
623 3085 692 3133 disti.

78 3152 165 3214 spire
178 3154 184 3215 Ι
197 3155 256 3203 itha
270 3156 276 3217 l
290 3157 378 3202 riutis
390 3154 396 3215 Ι
410 3155 468 3216 gelu
482 3155 487 3217 Ι
501 3155 561 3218 qni.
659 3155 769 3214 Nccjom
778 3150 911 3199 metium
929 3163 987 3197 cass
998 3149 1077 3211 Spina
1091 3150 1152 3198 lubo-

57 3225 172 3275 Quartus
181 3226 510 3287 estDsctylicnsAleoicus
519 3227 587 3275 Aes·
626 3229 719 3290 comto]
736 3223 898 3289 Hyperbole,
920 3224 1087 3285 asperitatem
1108 3224 1151 3274 fri·

56 3297 369 3363 triecticus‚(vel,utslii
381 3299 589 3358 vocent‚Pinde·
629 3302 708 3366 gorio,
728 3309 757 3351 et
778 3299 875 3348 nivium
897 3297 997 3361 copiam
1019 3299 1152 3350 exhibens.

56 3373 287 3436 ricomeduobus
302 3373 470 3438 Dactylis,et
482 3371 589 3423 totidem
629 3380 710 3433 Qussi
730 3379 850 3430 arborum
872 3373 996 3427 fatiscent
1017 3384 1046 3427 et
1068 3376 1153 3425 incur.

56 3450 201 3499 Trochnis:
627 3463 719 3505 ventur
737 3455 800 3504 rami
823 3452 870 3502 snb
890 3452 1005 3517 pondere
1030 3451 1097 3500 nivis
1125 3459 1154 3502 ct

96 3526 212 3574 Flumina
224 3524 231 3588 1
243 3528 352 3575 constiti!
366 3524 371 3589 Ι
385 3527 464 3574 riuti
477 3524 482 3590 Ι
497 3525 558 3575 crito
625 3531 724 3596 glaciei.

91 3607 104 3650 l
127 3601 199 3650 Vides
214 3607 240 3648 ut
255 3603 314 3660 cuc,
324 3603 376 3664 tro]
396 3602 584 3667 Hypotyposis,
656 3610 671 3654 i
689 3606 796 3666 Getasque
808 3601 920 3650 Flumine
937 3599 1087 3648 constiterint
1097 3615 1153 3649 uos·

55 3693 103 3729 seu
114 3677 257 3739 descriptio
269 3684 389 3726 sccurntn
399 3678 505 3737 hyemis.
624 3680 660 3742 to]
677 3681 742 3731 Qum
754 3690 848 3738 nempe
857 3673 938 3723 fluere
949 3689 982 3723 ex
993 3682 1086 3724 uatrrra
1095 3689 1152 3737 pos.

86 3757 103 3802 2
120 3751 230 3815 Soracte]
248 3751 323 3799 Mons
331 3749 445 3814 Apollini
455 3751 581 3814 quondum
622 3756 715 3808 tutent,
725 3754 827 3800 inserent
834 3749 889 3811 jsm
902 3755 929 3799 et
939 3755 1010 3797 sunt
1020 3749 1079 3809 gelu
1095 3764 1153 3799 eou-

55 3843 137 3890 saccr,
154 3826 187 3877 de
205 3841 255 3892 quc
271 3826 362 3890 virgil.
378 3825 478 3877 Encid.
489 3841 537 3876 vri.
554 3834 582 3877 et
622 3829 723 3879 stricta.
755 3824 847 3886 Arato]
862 3826 914 3873 Seu
931 3822 1000 3888 quod
1017 3821 1096 3886 frigus
1108 3841 1150 3876 sc·

56 3917 95 3954 ιι.
121 3907 178 3953 785.
212 3902 328 3952 ‘Ssuctl
355 3908 443 3950 custos
471 3902 582 3951 Soractis
622 3904 726 3951 tremens
742 3896 811 3946 houd
832 3911 906 3946 secus
926 3902 1023 3960 pungat
1040 3913 1070 3949 sc
1088 3899 1151 3952 ferri

57 3979 167 4041 Apollo?
189 3979 256 4029 Plio.
273 3993 303 4028 rr.
324 3982 348 4027 2.
378 3974 477 4023 ‘Hand
493 3979 582 4039 procui
623 3978 693 4026 acies
715 3980 742 4023 et
765 3985 882 4032 acumen,
911 3986 956 4021 seu
975 3972 1043 4036 quod
1064 3986 1149 4028 ncutae

58 4054 122 4104 urbe
143 4058 222 4105 Romo
242 4058 267 4106 iu
287 4055 451 4105 faliscorum*
466 4066 527 4115 egro
545 4051 583 4101 ln·
625 4051 676 4100 siut
686 4046 778 4113 glaciei
791 4053 893 4095 crusta.
