2408 4200
375 249 582 298 onnuruuru
610 248 683 298 arn.
708 251 761 300 rrr.
785 235 836 301 ll.

236 387 409 471 Virginum
425 408 557 471 poenas,
573 395 605 453 et
618 392 715 454 inane
730 391 876 476 lymphae

235 490 373 554 Dulium
387 489 491 553 fundo
506 493 765 572 pereuntieimo,

490 591 637 676 Seraqua
650 594 731 671 sata,

234 689 323 767 Quae
338 698 474 754 manant
488 693 605 774 cuipas
622 695 721 758 etiam
738 697 803 759 sub
819 697 927 763 Orco:

232 789 353 871 Impiae
369 789 462 872 (nam
479 791 560 873 quid
576 802 714 875 potuere
728 795 838 878 majus
847 793 879 879 i)

232 889 352 972 lmpiae
367 910 511 972 sponsos
525 899 662 976 potuere
677 893 761 958 duro

491 991 635 1057 Perdere
651 995 745 1059 ferro.

234 1089 311 1155 Una
326 1091 368 1155 de
384 1092 509 1171 multis,
524 1094 599 1158 face
612 1095 753 1177 nuptiali

234 1192 355 1273 Digna,
371 1193 540 1274 perjurum
555 1193 619 1258 fuit
632 1195 665 1257 in
682 1203 849 1277 parentem

59 1369 173 1429 &palicia
186 1368 280 1427 famata
294 1371 432 1432 parciturum,
443 1378 467 1420 ct
478 1387 574 1420 vacuum
585 1388 645 1436 aqua
658 1389 699 1421 cac
713 1379 861 1423 evanescente
872 1389 902 1422 cx
915 1375 961 1421 imo
969 1375 1056 1438 suario,
1073 1391 1154 1437 perm-

59 1445 155 1493 nemque
167 1438 253 1481 sortem
263 1434 356 1481 deliciis
365 1435 437 1483 etiam
447 1438 510 1495 amati
521 1435 615 1494 Inferna
625 1443 774 1486 reservatam.
793 1438 928 1494 sceterata,
940 1439 1080 1502 (quidecim
1090 1443 1155 1502 ch'ar

60 1494 207 1554 valuerinti)
222 1498 343 1544 accurata
354 1500 449 1560 inquam
460 1500 508 1547 iiie
518 1515 579 1548 mc
594 1503 676 1561 glacio
690 1503 804 1563 petimen
820 1517 915 1563 apuam
931 1504 1063 1553 caluerunt.
1096 1506 1154 1553 Ate

58 1557 165 1616 pluribus
174 1573 229 1619 utra,
240 1562 309 1607 tatia
321 1563 461 1624 nuptialibus
472 1564 561 1619 idonea,
573 1565 669 1626 egregie
671 1564 826 1623 fraudulenta
835 1580 892 1627 erga
899 1571 991 1628 patrem
1000 1566 1119 1629 saliacem,
1130 1572 1154 1616 ct

519 1705 549 1724 u
550 1705 698 1725 OOOOOOOOO

59 1794 139 1844 ortu.
152 1797 217 1847 Met.
230 1813 267 1849 ιν.
280 1805 338 1848 457.
369 1801 480 1852 Quidam
494 1803 653 1865 Titum-29
670 1805 731 1858 Qua
751 1812 828 1855 manet
850 1806 920 1868 Lipa.
932 1810 1021 1855 ‹t—So
1038 1807 1153 1856 Bentleii

59 1860 173 1921 Magrtat.
185 1872 213 1911 et
226 1865 289 1913 Exc.
310 1865 372 1912 San.
388 1867 501 1926 numquid
515 1873 617 1926 potuere.
652 1869 782 1916 Punctum
796 1871 868 1929 ponit
888 1869 1003 1918 Mancia.
1027 1870 1153 1930 postlata

60 1938 96 1971 ra.
109 1929 149 1973 28.
162 1935 188 1975 et
197 1928 294 1988 jangit,
307 1929 400 1988 Impioe,
412 1942 464 1988 (μω
476 1934 569 1974 manent
581 1930 670 1988 culpae,
680 1933 720 1989 isc.
740 1932 803 1977 Tum
815 1947 870 1979 rrum
880 1934 936 1994 quid
952 1949 976 1994 ρ.
988 1934 1064 1993 majus
1072 1933 1153 1994 impio

59 1988 168 2037 Blaudti.
181 1992 297 2053 Cruquii,
309 2000 335 2035 et
348 1991 472 2037 Glarcnu.
505 1992 512 2014 ¹
525 1990 575 2036 Sed
593 1993 697 2050 vulgata
711 1993 844 2042 dictinctio
859 1996 926 2045 haud
938 1997 1016 2045 dubie
1028 1995 1152 2058 praestat?

57 2051 125 2100 iani.
164 2054 283 2115 Denique
297 2067 333 2100 va.
346 2056 385 2100 80.
401 2059 428 2100 et
440 2055 481 2098 tt.
499 2055 639 2113 permutati
656 2063 716 2104 aunt
732 2058 757 2104 in
776 2059 947 2122 Fratrem—32
964 2062 1067 2124 Lipai·
1092 2061 1153 2110 Per·

550 2203 660 2253 NOTAE

88 2318 122 2362 26
144 2313 282 2378 Virginem]
302 2315 457 2365 Danaidum.
626 2325 653 2365 ta
666 2331 779 2380 puraque
792 2316 824 2365 ad
837 2318 918 2365 virum
929 2321 1084 2382 perveniret,
1097 2322 1151 2370 circ

90 2391 164 2439 Inane
186 2392 286 2455 lympha
308 2393 414 2453 Delium,
435 2390 490 2454 icc]
518 2390 584 2440 Vide
625 2393 1152 2455 utiguemetaquamcumuirocommu·

57 2480 241 2605 ωὲἑαὲεναφιι
250 2543 319 2604 sata]
338 2546 397 2600 Vei,
409 2546 483 2608 ionga
492 2554 519 2596 et
530 2547 583 2595 diu·
625 2474 832 2602 n'csatreitim'urum
847 2544 872 2592 iu
888 2548 1009 2606 parentem
1024 2543 1151 2606 Splendida

56 2624 150 2673 turna;
177 2620 216 2665 vei
240 2620 314 2668 tarde
337 2622 475 2683 venientia,
500 2637 582 2686 coque
626 2619 738 2681 mendac]
763 2621 846 2669 Recte
867 2619 957 2669 t‘alicna
977 2629 1078 2684 patrem
1097 2622 1152 2670 Da·

56 2693 182 2752 graviora.
622 2710 708 2755 naum,
719 2696 761 2759 qui
775 2696 911 2758 AEuyptum
924 2694 1031 2744 tratrem
1044 2696 1150 2759 ejusque

88 2770 119 2815 ⁸3
140 2766 193 2814 Una
204 2768 331 2826 dcmuiiir,
341 2768 395 2830 isc]
406 2769 581 2832 Hypermnea-

56 2849 97 2890 tra
109 2842 211 2904 Lynceo
223 2856 316 2903 sponso
334 2844 461 2904 pepercit,
472 2845 581 2892 saluum·

55 2932 104 2981 que
117 2918 188 2966 abire
200 2924 227 2965 et
239 2916 329 2979 fugere
335 2917 429 2979 jussit,
440 2917 500 2965 tium
512 2933 581 2967 aore-

55 3009 96 3043 rea
112 2997 184 3058 jussu
196 2996 278 3058 patria
292 3009 350 3042 artua
362 3008 467 3057 sponsor
484 2993 581 3044 nefarie

50 3071 214 3133 jugularent:
233 3077 260 3118 at
273 3070 328 3132 ipra
340 3070 421 3118 noluit
433 3069 525 3132 exequi
536 3069 581 3117 im-

55 3146 96 3204 pie
116 3147 285 3208 prascripta3
309 3145 375 3196 uude
390 3152 415 3191 et
428 3157 519 3192 nomen
532 3142 581 3191 sibi

54 3217 118 3266 fecit
141 3219 292 3267 immortale.
333 3219 444 3272 Quidam
464 3218 582 3267 scribunt

54 3292 118 3340 duras
138 3293 215 3342 irrisae
235 3310 291 3357 qute
311 3297 408 3357 sponsis
431 3296 507 3343 vitam
528 3294 581 3342 adi·

54 3382 124 3416 mere
143 3383 193 3416 non
212 3372 389 3431 sustinuerint,
406 3371 580 3434 Hypermnes·

54 3454 120 3493 tram
137 3454 165 3493 et
177 3446 323 3507 Bebrycen.
343 3447 460 3494 Eurtntir.
479 3447 504 3494 ia
517 3448 578 3495 Dio-

52 3535 107 3583 nys.
121 3521 260 3571 Alexandr.

87 3597 149 3644 Face
168 3597 268 3659 nuptiali
288 3596 383 3658 Digna]
405 3596 508 3644 Honore
526 3613 579 3646 ma·

54 3670 164 3719 trimonii
174 3672 258 3733 digna.
293 3672 369 3722 Quod
381 3680 456 3720 noctu
467 3687 511 3721 seu
523 3687 577 3721 ves·

54 3747 107 3803 peri
120 3754 197 3808 nupta
207 3747 382 3796 deducebatur
391 3748 492 3796 domurn
502 3762 577 3812 spon·

54 3821 84 3874 si,
102 3821 159 3869 hinc
177 3821 220 3869 sax
243 3823 441 3884 praeferebatur.
476 3826 577 3887 Festrrs,

53 3894 61 3920 ‘
74 3892 102 3940 ln
114 3896 225 3956 nuptiis,
237 3898 329 3960 inquit,
340 3901 347 3926 ‘
358 3898 440 3948 facem
455 3899 576 3962 praefere-

54 3970 115 4016 bant
135 3968 160 4014 in
189 3967 306 4018 honorem
328 3973 439 4031 Cereris,
460 3984 487 4022 et
510 3989 576 4037 aquia

54 4042 224 4105 spat-,gebatur
236 4057 300 4091 uara
312 4054 401 4106 nuptu,
413 4047 466 4094 sive
480 4058 508 4095 ut
520 4063 574 4096 caa-

621 2771 688 2819 iiiior
706 2787 814 2833 generos
833 2787 891 2820 suos
905 2772 982 2834 impia
998 2781 1025 2820 et
1042 2781 1150 2821 cruente

622 2843 714 2892 fraude
750 2845 976 2893 circumveniebat.
1022 2846 1149 2908 AEgyptun

621 2920 808 2980 quinquaginta
827 2919 884 2967 filiis
895 2921 946 2967 cuia
963 2922 1048 2968 Danai
1060 2920 1150 2969 fratria

623 2992 729 3040 totidem
742 2993 806 3040 filias
819 2993 843 3040 in
855 2995 1044 3042 matrimonium
1057 3009 1150 3054 popua-

622 3067 667 3114 cit.
702 3067 753 3114 Hic
766 3067 904 3126 recusarit,
916 3069 983 3130 qrtod
1001 3082 1033 3115 ex
1046 3070 1149 3116 oraculo

620 3143 763 3203 accepisset
775 3156 789 3188 a
799 3154 894 3204 genero
904 3143 953 3189 tibi
965 3150 1072 3189 mortem
1085 3141 1148 3191 infe·

622 3217 735 3266 rendam.
768 3216 805 3265 At
817 3231 873 3265 cum
886 3218 994 3266 inrtaret
1012 3218 1066 3278 iile,
1077 3217 1148 3267 frau-

621 3294 741 3342 dulenter
763 3293 862 3352 annuit,
885 3292 950 3341 filiae
974 3306 1089 3352 monent,
1119 3302 1148 3341 ut

620 3369 675 3430 ipsa
695 3376 771 3418 nocte
796 3355 945 3432 nuptiarum
965 3383 1071 3432 aponsoa
1088 3370 1147 3418 vino

619 3445 1149 3509 luxuriaqncsopitoacultrosingulaecon·

619 3519 735 3570 ficerent.
768 3522 862 3584 ltaque
891 3522 959 3582 patri
987 3528 1077 3568 contra
1106 3521 1145 3569 ins

619 3611 714 3644 marem
729 3606 857 3658 gerentes,
871 3604 975 3658 captata
991 3596 1063 3655 hora,
1079 3596 1145 3644 viros

619 3680 767 3729 caecarunt,
788 3678 901 3734 excepta
931 3671 1145 3734 Hypermnestra,

620 3759 676 3806 quae
700 3748 830 3808 Lynceum
855 3747 975 3793 servarit.
1010 3745 1061 3792 Hic
1085 3759 1144 3791 vero

619 3831 709 3883 pontea
739 3825 826 3871 Danao
855 3823 991 3869 interemto
1019 3819 1143 3878 Argivum

618 3912 722 3958 regnum
740 3901 842 3959 invasit,
860 3908 937 3959 atque
955 3894 1049 3942 oraculi
1066 3892 1142 3940 tidem

617 3972 743 4036 implevit.
