2408 4200
411 749 847 834 sousltlssmo

184 1012 1038 1135 DELPHINO.

79 1564 222 1654 Eusori
253 1587 381 1665 dextra,
408 1587 497 1652 lacre
524 1584 647 1649 librum
677 1591 791 1648 tenens
818 1582 931 1648 Julius
960 1584 1017 1648 ille
1052 1585 1163 1650 Divus

78 1683 243 1773 quondam
257 1689 294 1753 in
314 1687 511 1753 numismate
525 1683 633 1750 voluit
648 1682 769 1767 effingi,
784 1703 859 1749 cum
872 1686 934 1749 hac
951 1685 1162 1769 Epigraphe:

76 1782 132 1854 lix
147 1787 492 1869 concensemus
522 1784 581 1851 Sic
593 1784 707 1850 Romo
718 1805 816 1873 sunm
832 1785 1069 1875 Imperatorem
1085 1786 1165 1851 doc-

75 1893 144 1952 tum
157 1907 255 1970 mque
270 1896 306 1953 et
313 1887 510 1951 bellicosum
522 1886 607 1950 ultro
620 1893 774 1951 venerate
786 1894 849 1951 est.

117 1986 184 2061 Te,
197 1988 453 2050 Snsnrurssrrsrr
471 1987 673 2065 Poruonrs,
689 1986 814 2063 Gallis,
828 1986 962 2070 Europa
982 1991 1066 2062 tota,
1090 1989 1164 2067 pari

80 2082 193 2165 elogio
215 2082 402 2148 decoratum
424 2080 566 2164 salutat3
587 2104 688 2166 quem
713 2092 747 2149 et
770 2086 921 2150 Minerva
945 2086 1018 2148 suis
1042 2086 1166 2147 artibus

76 2183 229 2267 impense
244 2182 406 2260 excoluit,
428 2189 464 2246 et
483 2184 617 2248 militari
639 2185 746 2267 gloria
761 2187 914 2250 certatim
929 2191 1072 2249 exornat
1090 2185 1168 2249 Pal·

75 2282 147 2366 ias3
168 2290 312 2368 utreque
326 2284 437 2350 lauros
453 2292 573 2368 sponte
589 2285 742 2350 affundit.

87 2379 91 2387 '
117 2382 347 2467 Obstupescat
366 2402 448 2447 sane
471 2382 661 2463 Germania,
684 2387 720 2450 in
743 2384 973 2469 quamprimo
1003 2403 1167 2450 armorum

76 2474 206 2549 tuorum
222 2484 360 2548 fulmina
373 2482 601 2561 detonuerunt,
616 2492 710 2549 tanto
725 2484 856 2568 quidem
867 2486 1012 2567 fragore,
1028 2493 1064 2549 ut
1078 2495 1166 2551 totus

77 2584 184 2648 adhuc
200 2584 340 2648 Rhenus
363 2583 606 2660 contremiscat,
620 2581 746 2666 Aquila
767 2604 846 2648 vero
860 2605 987 2668 pavens
1001 2586 1091 2649 hand
1109 2606 1167 2650 vo·

76 2683 183 2747 latum
212 2690 342 2749 tentare
364 2685 471 2764 ansit3
500 2684 602 2748 immo
627 2685 736 2749 lucem
762 2705 802 2749 ac
825 2686 933 2749 solem
965 2687 1088 2750 exinde
1115 2707 1168 2750 re·

76 2781 192 2863 fugiat.

119 2882 211 2947 Hinc
232 2882 365 2948 attoniti
386 2882 545 2948 mirentur
565 2883 681 2950 hostes
704 2885 1012 2969 Philippoborgom,
1028 2886 1170 2968 Mogun.

78 2982 169 3059 tium,
183 2991 236 3048 tot
257 2984 343 3048 alias
364 2986 465 3050 urbes
489 3004 651 3067 arcesque
677 2988 784 3068 probe
807 2989 950 3050 munitas
974 2988 1068 3050 brevi
1089 2992 1169 3049 teru-

77 3083 168 3164 poris
197 3085 368 3150 intervallo
399 3090 433 3149 et
457 3104 563 3169 parvo
590 3094 714 3151 conato
742 3093 858 3165 raptas
883 3092 916 3148 et
939 3092 1168 3166 expugnatas:

78 3183 157 3265 quin
170 3190 205 3249 et
218 3186 346 3270 hyemis
368 3194 404 3250 et
427 3186 589 3269 paludum
614 3193 648 3250 et
670 3185 846 3249 fluviorum
871 3184 1079 3250 difficultates
1099 3193 1168 3249 tam

76 3280 176 3347 focile
189 3287 311 3350 rictas.
351 3285 423 3351 Vix
439 3292 530 3350 certe
545 3284 721 3370 qnisquam
735 3293 941 3370 posterorum
966 3286 1082 3350 credat
1094 3285 1168 3349 haec

71 3376 154 3443 ¹ense
182 3385 306 3450 milities
332 3388 517 3452 rudimento
551 3386 726 3464 duntaxat,
755 3393 788 3452 et
821 3389 984 3469 quasdam
1013 3388 1105 3450 velut
1133 3386 1169 3446 in

77 3498 201 3562 campo
229 3478 351 3547 Martio
372 3484 591 3565 prolusiones.

121 3578 218 3656 Quid
247 3598 327 3643 vero
355 3584 445 3662 quod
472 3587 577 3649 altera
604 3587 822 3668 expeditione
847 3586 1170 3664 circumglomeratas

78 3677 230 3761 improbe
256 3680 490 3745 foederatorum
520 3686 637 3767 copias
666 3688 716 3748 sic
745 3685 866 3748 Gelliae
893 3685 1013 3746 finibus
1035 3687 1170 3767 propul-

79 3781 174 3867 sasti,
195 3788 242 3858 ut,
258 3782 399 3845 hostiles
419 3784 517 3847 etiam
536 3787 684 3866 regiones
704 3794 877 3868 appetens,
898 3784 1039 3865 propriis
1059 3805 1170 3850 eorum

81 3882 321 3945 commeatibus
351 3881 539 3965 opibusque
565 3886 747 3948 exercitum
772 3890 863 3945 tuum
891 3883 1020 3948 abunde
1041 3895 1171 3949 susten-

81 3980 162 4042 teris
184 3980 365 4066 ditarisque
382 3998 470 4046 anuo
488 3981 555 4045 iere
579 3983 726 4064 integr03
748 3985 842 4064 ipsos
862 3986 970 4047 eutem
991 3985 1077 4049 samo
1092 4003 1171 4045 con·

147 4094 233 4156 Deipb.
252 4102 274 4144 et
289 4098 346 4147 Var.
357 4099 422 4148 cles.
599 4096 688 4144 lieret.
1083 4096 1107 4140 Α
