2408 4200
376 298 461 348 01)AE
485 300 571 350 ΠΜ
594 300 766 349 ΗΟΒΔΊΊΟ
787 301 1013 353 sursosl'rm.

187 441 375 526 Septimius
387 445 443 518 (ιι.
459 439 523 504 Od.
537 442 581 519 6.)
596 459 619 505 a
632 441 866 526 Porphyrione
880 443 1117 511 dicitnrinisse
1128 445 1195 532 Eq·

145 543 333 620 Romanus,
350 543 484 607 Horatii
496 542 688 619 commilito,
703 552 738 606 et
759 545 890 626 priscus
904 564 926 609 a
940 545 1081 629 pueritia
1093 550 1203 614 amico

145 666 246 730 quem
263 663 288 708 ι.
308 646 417 728 Epist.
430 644 463 709 9.
485 643 621 707 Tiberio
638 644 862 721 commendat,
877 646 934 728 qni
949 665 1025 711 enm
1048 667 1079 713 a.
1093 649 1168 714 731.
1186 671 1203 713 s

146 767 222 812 cnm
234 750 267 811 in
281 747 449 812 Orientem
465 745 572 810 duxit.
616 746 767 829 Angusto
782 766 858 810 eum
873 767 987 812 carum
997 757 1031 814 et
1043 750 1201 816 familiar

145 849 261 926 fnisse,
275 849 423 913 vidimus
437 848 473 911 in
488 847 566 912 Vita
584 848 730 924 Horatii,
742 855 879 913 auctore
895 836 1066 917 Suetonio.

187 951 372 1033 Pompeius
394 949 569 1033 Grosphus
591 953 647 1026 (ιι.
663 949 728 1014 Od.
743 948 804 1033 7.),
828 954 1084 1034 quamprimum
1100 975 1202 1021 suoru

144 1051 324 1128 sodalium,
348 1058 490 1116 veterem
515 1053 670 1130 amicum,
685 1061 790 1116 vocat
811 1053 986 1131 Horatius,
1004 1054 1068 1119 suit
1091 1055 1185 1121 libert

144 1162 181 1218 ut
201 1154 342 1229 videtur,
366 1155 522 1237 Pompeii
545 1154 672 1234 Magni,
696 1173 812 1236 genere
833 1155 987 1232 Graecus,
1010 1157 1067 1238 qni
1088 1176 1174 1240 paee
1198 1186 1204 1214 t

146 1252 316 1319 Misenum
328 1255 420 1319 iacta
441 1274 471 1317 a.
486 1258 564 1320 715.
591 1254 672 1318 Sex.
696 1254 891 1337 Pompeium
913 1255 1059 1337 reliquit,
1083 1264 1116 1321 et
1134 1257 1185 1323 Oc

143 1356 244 1420 riano
258 1356 412 1434 adhaesit,
429 1377 449 1420 a
463 1376 540 1439 qno,
557 1358 628 1420 sive
649 1376 670 1420 a
687 1356 738 1421 M.
752 1355 915 1438 Agrippa,
932 1365 1036 1421 terras
1051 1357 1184 1440 amplas

144 1457 261 1522 Sicilia
273 1460 328 1523 val
342 1461 479 1539 accepit,
494 1459 545 1521 vel
560 1458 687 1541 recepit
700 1458 779 1521 olim
795 1477 988 1539 possessas.
1015 1456 1094 1521 Vid.
1110 1458 1201 1523 Sana

146 1557 189 1620 ad
207 1575 246 1622 ιι.
263 1558 325 1624 0d.
341 1560 392 1623 16.
407 1560 507 1642 (apud
521 1561 634 1640 ipsum
651 1576 684 1624 v.
700 1557 767 1623 Od.
782 1557 832 1641 4.)

186 1659 228 1724 T.
241 1658 380 1742 Valgius
405 1659 531 1738 Rufus,
554 1660 676 1724 nobilis
698 1661 803 1741 po'ata
828 1660 967 1742 Epicns,
990 1680 1089 1743 quem
1109 1661 1197 1727 Tibn

144 1775 194 1820 ιν.
217 1760 247 1822 l.
273 1761 345 1825 180.
372 1764 518 1826 ‘aeterno
543 1762 733 1845 proximum
759 1759 927 1825 Homero'
956 1762 1050 1826 dicit.
1109 1762 1161 1827 Cf.
1187 1765 1197 1826 i

143 1859 334 1926 Bronkhus.

186 1961 385 2023 Postumum
397 1963 501 2040 illum,
516 1964 557 2026 ad
572 1984 671 2047 quem
686 1970 738 2028 ast
756 1978 794 2025 ιι.
807 1964 871 2028 0d.
887 1966 938 2028 la
962 1966 1124 2030 Ducarius
1139 1988 1183 2049 pn

143 2081 222 2124 esse
236 2062 378 2124 eundem
393 2083 466 2125 cnm
479 2064 573 2128 Julio
587 2065 699 2140 Floro,
723 2065 766 2128 ad
786 2085 883 2148 quem
902 2066 976 2130 dnae
1003 2075 1079 2130 sunt
1099 2066 1196 2131 Hora

143 2163 253 2246 Epist.
270 2169 304 2226 et
320 2161 433 2245 Elegia
448 2162 607 2246 Propertii
624 2184 679 2228 ιιι
697 2166 749 2228 12.
773 2165 838 2229 Sed
854 2166 952 2230 docte
966 2165 1115 2230 ostendit
1130 2166 1198 2229 San

141 2264 264 2341 donus,
279 2285 379 2348 qnam
395 2285 508 2348 parum
523 2267 558 2330 id
575 2275 662 2333 recte
682 2274 862 2333 statuatur.
909 2267 988 2331 Non
1010 2272 1154 2349 oportet,
1171 2269 1202 2330 ni

140 2386 336 2448 comparare
351 2369 434 2431 inter
448 2389 484 2432 se
500 2369 724 2448 characteres,
747 2377 784 2434 ut
795 2389 970 2454 agnoscas,
982 2387 1092 2451 neque
1103 2367 1126 2431 J
1129 2367 1198 2430 uiro

140 2467 285 2545 Florum,
309 2487 416 2552 neque
440 2470 697 2553 Propertianum
721 2474 916 2537 Postumum
941 2491 1017 2535 curn
1045 2469 1204 2532 Horatia

141 2569 278 2633 eundem
295 2589 381 2633 esse.

539 2740 822 2751 ψ...-

141 2889 236 2954 Dum
262 2892 366 2970 Ona,
385 2917 459 2977 qnae
483 2896 516 2959 in
538 2896 623 2960 God.
645 2893 714 2959 Ms.
735 2896 872 2961 Horatii
895 2895 1117 2959 Bibliothecae
1134 2893 1196 2955 Pal

182 2991 289 3071 tiuae,⁸
303 2995 337 3057 iu
352 2994 532 3071 Vaticana,
542 3003 684 3078 repertae
698 2996 859 3070 feruntur,
874 3002 907 3057 et
917 3014 1024 3075 nuper
1034 2994 1134 3056 editae
1148 3010 1202 3052 su

184 3093 261 3158 Non
274 3117 360 3179 opus
369 3106 432 3171 est,
441 3098 507 3159 nisi
516 3117 575 3159 eas
584 3097 709 3175 legere,
721 3101 758 3158 ut
768 3093 916 3157 Horatio
927 3097 1153 3172 agnoscantur
1162 3107 1198 3149 es

180 3196 437 3278 indignissimae.

474 3325 553 3388 Lra.
577 3340 601 3388 1.
647 3321 728 3386 Ona
753 3339 898 3389 xxxix.

481 3463 533 3511 AD
549 3461 696 3510 JUMUM
715 3462 884 3511 Faunum.

271 3558 461 3626 Diaconos
477 3565 629 3645 grandem
646 3572 760 3648 gravat
776 3585 842 3630 uva
857 3581 1005 3641 ramum3

272 3657 380 3722 Instat
393 3660 600 3728 Autumnus:
623 3667 772 3746 glacialis
789 3686 876 3729 anno

272 3757 358 3822 Mox
376 3758 506 3843 Hyems
520 3762 672 3829 volvente
688 3766 795 3829 aderit
811 3765 943 3845 capillis

697 3861 847 3928 Horrida
863 3863 966 3924 canis.

168 4003 179 4028 ¹
192 3994 336 4045 Cnaarau
345 3994 447 4043 unicam
458 3991 600 4041 hancLibri
609 4009 664 4043 cer·
704 4010 738 4042 na
753 4000 883 4055 repertam
895 3990 1085 4041 accuratissime
1097 3994 1197 4037 transcr

134 4081 164 4122 te
177 4071 341 4120 vetustissimi
353 4070 379 4119 in
390 4067 557 4118 Bibliotheca
568 4067 667 4119 Palati·
706 4071 737 4132 ri,
757 4068 861 4117 verbnm
881 4067 913 4117 de
934 4069 1020 4132 verbo,
1040 4076 1068 4116 et
1086 4065 1190 4112 literam
