2408 4200
390 240 596 289 cneurnuu
622 239 695 291 mu.
718 242 767 291 ιν.
789 229 842 292 14.
1083 233 1148 307 627

233 376 443 458 spectandus
457 378 492 440 iu
506 378 687 450 certamine
702 377 837 456 Martio,

234 477 368 541 Devota
381 478 475 543 morti
488 484 625 561 pectora
635 477 748 544 liberae

275 575 418 652 Quantis
433 577 582 657 fatigaret
597 578 715 642 ruinis:

316 677 497 741 Indomitos
509 697 610 761 prope
626 680 736 760 qualis
750 681 857 744 undas

234 775 377 839 Exercet
392 777 523 854 Auster,
541 778 712 842 Pleiadum
729 780 830 843 choro

232 877 411 941 scindente
425 879 542 955 nubes,
556 880 696 961 impiger
709 881 856 944 hostium

274 975 407 1041 Venere
424 985 560 1056 turmas,
575 987 607 1043 et
620 979 811 1044 trementem

320 1077 453 1142 Mittere
467 1096 587 1158 equum
602 1079 731 1142 medios
745 1100 804 1162 per
819 1080 921 1160 ignes.

229 1178 286 1240 Sic
300 1177 501 1241 tauriformis
515 1178 659 1241 volvitur
672 1179 825 1255 Aufidus,
1103 1187 1147 1250 25

229 1276 297 1353 Qui
308 1297 409 1360 regna
424 1278 538 1341 Dauni
550 1279 694 1360 praefluit
706 1277 822 1361 Apuli,

59 1440 208 1498 tosseroees:
225 1443 327 1503 spectari
339 1442 459 1503 dignarier
468 1440 551 1503 pretio
562 1440 661 1503 Martis,
671 1457 740 1503 quom
749 1445 842 1505 mogins
857 1444 962 1493 riualibus
972 1449 1067 1494 oneret
1077 1445 1147 1491 cor-do

59 1504 109 1549 neci
124 1519 167 1565 pro
184 1505 411 1581 tibertnteoddicto,·
428 1519 483 1552 acer
498 1505 621 1564 exegitnre
635 1507 735 1582 bosnam
745 1514 860 1568 suemus,
879 1515 901 1557 et
919 1523 989 1584 opere
997 1509 1147 1586 frendentnp

58 1580 192 1679 {tritt
200 1569 1146 1698 ttttttttlnt‘fitttmtlltt‘ttmintimenius

511 1775 690 1796 ΜΝΙΙΟΝΙΟ

59 1869 142 1914 menni
155 1868 242 1916 Huuu.
255 1870 374 1932 Auspiciis
383 1871 541 1930 reperte-rr
561 1872 666 1928 ‘Vulgo
684 1871 806 1918 inciditur
820 1877 879 1929 post
895 1871 993 1915 Murtm.
1027 1869 1090 1915 Mihi
1104 1882 1145 1914 ve·

57 1932 154 1979 unstior
165 1939 191 1979 et
203 1935 305 1989 pravior
316 1947 373 1981 esse
386 1933 515 1977 sententie
526 1930 675 1986 videbatur,
684 1937 810 1976 commate
823 1938 881 1989 post
890 1929 1034 1989 Spectandae
1046 1928 1147 1988 posito!

56 1994 124 2041 desi.
158 1995 283 2055 Spectatus
294 1997 356 2050 legit
366 1995 454 2040 lever.
467 1990 498 2036 sd
511 1991 607 2038 Luem.
620 1993 710 2038 ιιιθδ.
722 1991 739 2036 i.
749 2003 772 2037 e.
785 1991 916 2052 probatus.
950 1990 1027 2039 Ouid.
1038 1990 1146 2039 Heroid.

57 2056 138 2116 Epist.
152 2069 198 2103 xv.
211 2060 342 2102 los-lt).
353 2058 385 2100 2⁰
403 2053 477 2099 Dese.
489 2055 512 2098 2.
530 2052 601 2114 Lips.
613 2054 637 2099 2.
651 2067 665 2100 e
677 2068 712 2101 m.
730 2067 768 2113 pr.
779 2053 911 2114 fatigarat.
944 2054 1006 2102 Ver.
1019 2054 1091 2101 beet.
1102 2067 1144 2115 sp.

56 2117 144 2164 lones.
165 2117 283 2176 fatigavit
302 2116 378 2163 ruinis
396 2112 539 2162 Indomitos!
572 2115 685 2164 Bentleii
705 2115 763 2164 Gal.
785 2117 864 2165 etiem
885 2117 1022 2167 indomitos.
1056 2116 1145 2165 Bentl.

56 2179 156 2225 emend.
175 2178 315 2240 Isdomtas,
327 2179 385 2241 quis
402 2177 486 2226 Potite
503 2177 616 2237 libatos,
628 2192 691 2240 quos
707 2180 782 2227 modo
799 2179 957 2239 ‘fatigatos'
973 2179 1077 2235 dixerit,
1093 2193 1143 2227 uon

56 2242 171 2300 potuerit
183 2255 334 2303 comperero
348 2241 420 2288 undis
430 2241 561 2288 indomitis.
594 2241 664 2289 ‘Sed
677 2243 725 2290 boe
736 2249 777 2290 est
786 2244 908 2303 argutari.
942 2243 975 2291 Et
988 2243 1044 2305 quis
1061 2243 1144 2304 possit

56 2304 81 2350 b.
94 2305 110 2353 Ι.
130 2305 198 2352 serre
217 2307 292 2353 sudes
311 2306 365 2354 siue
386 2304 517 2367 epitheto?
550 2304 621 2352 Bene
641 2305 718 2353 babet
737 2306 876 2364 Indomitos,
894 2305 1004 2353 omnium
1020 2304 1143 2353 librorum

57 2369 153 2416 lectio!
167 2368 301 2417 duri-24
319 2370 372 2418 Pro
383 2369 461 2430 ignes,
477 2364 545 2430 quod
560 2367 655 2416 habeut
666 2382 754 2417 omnes
767 2368 834 2429 libri,
848 2369 934 2417 Bentl.
945 2368 1011 2429 conj.
1022 2383 1095 2428 mser,
1106 2369 1144 2415 in-

56 2432 199 2492 scitissime,
210 2432 247 2480 uit
258 2433 367 2495 Cuning.
396 2432 432 2480 At
443 2446 483 2492 ap.
494 2430 539 2478 Sil.
550 2429 611 2479 Ital.
624 2444 681 2480 xrv.
695 2436 749 2480 ltu.
760 2433 870 2494 legitur:
883 2435 946 2492 ‘per
958 2431 1054 2479 medios
1064 2431 1144 2492 ignes,

55 2495 203 2558 mediosque
216 2510 262 2558 per
273 2495 366 2545 enses)
383 2493 425 2544 Cf.
437 2507 484 2542 xv.
495 2497 601 2543 tn-eo
620 2495 674 2548 Qua
685 2495 786 2544 emend.
800 2496 885 2545 Bentl.
902 2508 953 2543 uon
969 2495 1046 2556 mele,
1060 2494 1144 2557 iuquit

540 2636 648 2686 NOTAE

55 2752 82 2794 et
93 2745 185 2793 Euseb.
199 2746 292 2795 Chron.
305 2747 336 2794 ad
349 2745 495 2809 Olympisd.
506 2751 560 2795 19³.
615 2749 689 2809 ean,
700 2751 786 2810 msigo
793 2766 802 2806 ;
820 2749 880 2812 quis
891 2746 1028 2810 navigandi
1040 2754 1142 2809 tempus

88 2824 118 2868 18
139 2821 507 2884 Deootomortipectoroliberoe]
519 2823 576 2870 Mo·
616 2821 730 2870 iudicent
750 2830 809 2870 ortu
827 2836 873 2869 sno
892 2822 1025 2881 matutino,
1043 2821 1143 2869 scillcet

55 2895 76 2943 ri
95 2903 198 2958 puratos
215 2897 299 2957 potius
316 2897 437 2944 libertate
453 2894 577 2957 fruenter,
617 2895 685 2943 circa
701 2895 884 2957 aequiuoetium
905 2908 1025 2941 vernum:
1044 2895 1102 2941 hinc
1116 2903 1142 2941 et

54 2985 129 3033 quam
143 2971 229 3019 vivere
240 2970 382 3019 serviendo.
617 2970 716 3018 Latinis
726 2969 849 3032 Vergiliae
857 2968 1074 3017 dieuntnrovere.
1088 2973 1142 3020 Ha·

85 3048 117 3091 2⁰
135 3045 265 3092 Indomitos
279 3059 351 3107 prope
370 3045 454 3105 paulis,
469 3043 522 3105 iso]
536 3043 576 3092 Si·
618 3059 672 3092 rum
685 3044 799 3093 meminit
810 3044 864 3092 Cic·
875 3042 908 3089 de
922 3042 984 3090 Nat.
998 3043 1078 3090 Deor.
1090 3057 1122 3089 ιι.

53 3117 198 3166 mititudiue
217 3119 371 3182 conglobata
386 3134 438 3168 rem
455 3120 577 3178 illustrat,
648 3124 680 3168 94
698 3119 791 3168 Medios
808 3132 852 3181 per·
867 3117 947 3179 ignes]
965 3116 1018 3163 Per
1029 3114 1141 3164 medium

55 3200 81 3240 et
93 3193 182 3239 mirum
200 3202 321 3254 quantum
340 3201 424 3255 suget.
460 3194 500 3242 Ne
515 3193 575 3241 levi·
617 3207 708 3255 pugnae
720 3190 970 3252 servorem,lrostium
981 3203 1074 3237 cuneos
1085 3204 1142 3251 per·

55 3276 94 3314 ter
105 3267 219 3327 prareti,
229 3268 490 3331 lector,istasingeuii
504 3281 573 3328 opes.
617 3266 774 3328 rumpendo:
793 3267 834 3314 uel
853 3279 898 3327 per
915 3279 1036 3313 accensos
1051 3279 1141 3313 revere

85 3345 113 3388 21
134 3339 232 3401 Auster]
250 3342 345 3391 Ventus
362 3342 516 3392 meridianus
533 3357 575 3390 ex·
616 3342 647 3390 eb
669 3342 782 3389 hortibus
800 3342 884 3403 ignes,
903 3354 949 3402 per
966 3341 1069 3388 incense
1086 3354 1141 3388 cas·

53 3415 163 3464 citandis
187 3418 382 3477 tempestatibus
404 3417 525 3478 famosus,
547 3425 575 3466 ut
617 3420 728 3476 tre,&c.

53 3489 113 3535 alibi
125 3487 205 3535 fusius
217 3490 343 3536 annotavi.
646 3495 677 3538 25
697 3489 852 3549 Teuriiormis
863 3488 973 3551 Aspidas]
991 3489 1033 3537 De
1050 3503 1081 3537 eo
1093 3487 1140 3537 flu-

87 3562 221 3625 Pleiadum]
237 3564 342 3625 Septem
362 3562 443 3610 stelle.
464 3568 523 3610 suut
537 3561 574 3609 iu·
615 3567 691 3621 mine,
703 3580 747 3615 ιιι.
756 3565 808 3615 Od.
822 3566 868 3614 ult.
880 3573 907 3614 et
919 3565 991 3627 liujus
1002 3564 1046 3612 lib.
1055 3564 1106 3613 Od.
1117 3569 1140 3611 9.

55 3645 94 3685 ter
113 3639 199 3687 arietis
221 3638 328 3686 calidam
346 3648 371 3685 et
389 3638 455 3685 tauri
472 3638 575 3693 collum,
618 3639 832 3703 Teuriformis,qui
847 3640 936 3703 rapido
949 3653 1034 3694 eursu,
1046 3646 1072 3683 et
1084 3637 1140 3682 elli-

54 3726 158 3773 quarum
172 3720 243 3762 ortus
262 3728 415 3774 occasusque
433 3714 530 3761 nimbos
545 3729 575 3761 ao
614 3715 648 3761 sis
669 3714 701 3761 sd
724 3715 792 3775 ripas
814 3715 896 3777 aqrris,
917 3715 1006 3774 ingens
1026 3724 1140 3756 murmur

55 3794 222 3847 tempestates
233 3789 296 3838 ciet.
321 3789 409 3850 Cboro]
422 3790 459 3837 Ex
471 3789 575 3851 Hygino
615 3789 684 3847 edat,
694 3789 765 3852 qumi
776 3791 844 3838 tauri
857 3787 990 3848 mugitum.
1014 3781 1139 3829 Hiucno·

57 3861 160 3908 Astron.
171 3876 201 3908 ιι.
213 3867 253 3910 22.
265 3871 270 3890 ¹
285 3863 404 3913 Pleiades
415 3863 575 3912 clroronsdn·
616 3876 673 3908 men
686 3872 712 3910 et
724 3862 818 3910 fabule.
843 3860 915 3909 Alius
927 3857 970 3904 ulii
982 3855 1027 3903 sed
1039 3855 1137 3917 longius

56 3947 115 3981 cere
138 3936 333 3985 existimantur!
366 3939 407 3986 lte
428 3939 514 3998 dictor,
536 3939 575 3986 vel
617 3942 643 3982 et
655 3949 788 3998 perperam
799 3932 966 3995 etymologias
978 3936 1079 3992 petunt.

55 4008 127 4070 quasi
148 4007 262 4069 entiores,
280 4013 373 4070 plurem
397 4014 436 4061 vel
458 4014 542 4073 potius
562 4027 577 4058 n
648 4013 679 4061 26
696 4011 778 4058 Dauni
797 4006 881 4069 Apuli]
903 4019 922 4054 r.
934 4004 1036 4055 OMQ.
1048 4009 1087 4055 lt.
1104 4019 1136 4055 11.
