2408 4200
61 291 125 355 196
418 307 451 364 Q.
474 302 632 351 nonaum
658 303 789 352 rnnocr

148 446 340 510 Plectantur
354 447 471 529 sylvae,
486 453 521 509 te
536 445 687 526 sospit03
710 444 881 526 multaque
895 462 1031 523 merces,

188 545 288 610 Unde
302 553 425 629 potest,
442 547 503 612 tibi
517 545 645 610 defluat
659 564 756 627 aeqno

145 646 199 709 Ab
215 646 311 721 Jove,
327 646 548 729 Neptunoque
563 647 650 710 sacri
667 645 806 710 custode
820 644 966 710 Tarenti.

188 744 337 826 Negligis
353 746 523 811 immeritis
538 748 719 811 nocituram
1106 747 1148 812 30

145 845 331 909 Postmodo
341 852 372 909 te
386 848 473 911 natis
486 847 636 911 fraudem
653 848 877 911 committeret
901 846 985 911 Fors
999 853 1033 909 et

191 945 313 1008 Debita
321 947 399 1028 jura
414 945 573 1029 vicesque
589 948 742 1029 superbae

58 1101 129 1158 inari,
141 1104 208 1151 luant
218 1104 289 1166 ayleae
302 1103 433 1161 Venerine,
445 1108 468 1150 te
479 1101 603 1150 ineolumi:
619 1102 741 1162 proemimn
752 1116 840 1164 quoqne
850 1100 982 1159 multiplex,
992 1101 1149 1159 undecumque

51 1163 95 1219 sar
105 1166 160 1220 erit,
171 1165 215 1214 tibi
226 1167 361 1225 consuatur
371 1183 386 1215 a
396 1165 536 1225 lancinata,
545 1168 593 1212 eta
605 1165 715 1226 Neptuno
726 1166 814 1213 caerati
826 1164 923 1212 Tarenti
933 1163 1062 1221 defensore.
1080 1163 1147 1217 Qnoa

57 1228 152 1286 risorte
162 1231 251 1290 spernis
260 1232 384 1279 admittere
394 1231 506 1278 delictam
515 1228 618 1290 posterla
627 1227 788 1277 innocentibus
806 1228 881 1276 aritia
893 1227 1005 1286 feturam
1012 1243 1021 1283 ,·
1039 1226 1085 1289 ipei
1102 1225 1147 1273 tibi

510 1353 690 1376 ”meeum

58 1435 232 1497 Cuniug.-29
248 1436 297 1483 Sub
307 1437 443 1498 Jareconj.
453 1436 631 1486 eruum-st
650 1437 728 1486 ‘Post
745 1440 810 1486 enada
830 1436 911 1485 divise
930 1435 1022 1485 Sannd.
1034 1441 1063 1483 ut
1080 1436 1146 1482 enada

57 1500 92 1546 sit
108 1499 319 1554 ‘tantummode’
332 1500 493 1561 jungendum
513 1513 570 1547 cum
582 1501 721 1549 nocituram.
756 1501 806 1549 Sed
819 1502 923 1562 languet
935 1498 1003 1547 torte
1015 1499 1051 1546 aie
1068 1499 1147 1545 locun.

58 1562 149 1609 Forma
161 1562 246 1623 [Harl.
258 1567 281 1609 2.
290 1561 325 1622 5.]
333 1566 443 1626 quinque
457 1563 672 1622 umotntp‘ntm.
684 1569 704 1612 Ι.
715 1577 802 1611 omnes
811 1563 952 1621 Torrentii,
960 1577 1023 1610 num
1032 1562 1147 1622 Crnquii,

56 1625 164 1671 Mentel.
176 1628 225 1671 dre.
258 1625 300 1672 Sic
312 1634 339 1672 et
352 1626 440 1673 Lamb.
451 1626 567 1674 Torreat.
585 1626 687 1675 Marcii.
706 1626 798 1673 Heins.
818 1628 907 1688 Stepb.
919 1626 1012 1673 Faber.
1025 1626 1146 1684 Butgers.

55 1686 151 1734 Dacer.
168 1687 257 1736 Janes.
276 1688 370 1734 Sanad.
390 1687 496 1750 [Delpb.
516 1689 657 1751 delineret]
675 1690 749 1747 serait
771 1689 812 1751 (ut
831 1703 848 1736 1.
866 1691 953 1736 Santi.
966 1686 1021 1747 te.)
1039 1687 1143 1749 quidam

55 1750 180 1809 Lambini,
188 1759 213 1797 et
226 1749 279 1811 ejna
291 1751 372 1811 prima
383 1750 473 1811 editio,
485 1752 545 1800 item
558 1753 634 1800 Brut.
656 1751 734 1810 ferret
754 1752 806 1799 Por
826 1753 880 1814 lryr.
897 1750 1000 1813 quidam
1017 1750 1145 1805 Lambini,

55 1813 159 1860 Gembl.
167 1818 190 1862 l.
201 1817 228 1867 2.
239 1814 386 1873 Pulmanni,
398 1824 425 1863 et
438 1814 538 1863 Fabric.
550 1829 584 1862 ex
596 1814 653 1873 sorr
663 1821 685 1863 et
697 1814 763 1862 baud
775 1766 851 1862 unite
862 1829 869 1873 3
880 1813 979 1875 sorsque
998 1827 1064 1860 unus
1082 1813 1145 1859 Tor·

56 1883 123 1923 rent.
135 1876 190 1934 farn
201 1883 225 1924 et
237 1891 323 1924 onmes
335 1880 412 1941 Cruq.
425 1885 521 1939 praeter
539 1892 626 1936 nnrrrn,
640 1879 723 1926 Pulnr·
734 1884 757 1927 4.
776 1879 849 1938 Lipa.
859 1881 884 1925 l.
901 1877 1012 1937 Franeq.
1031 1876 1145 1923 Bentleii

55 1940 156 1999 optimi,
168 1940 273 1988 Veneti.
286 1939 391 1989 Arcena.
402 1941 507 1990 loeber.
519 1941 609 1990 Basili.
619 1943 706 1990 Bentl.
716 1942 794 1989 Baxt.
804 1941 999 2002 Cnn.probante
1008 1939 1044 1986 N.
1054 1938 1145 1987 Heius.

55 2000 87 2049 nd
101 2003 160 2051 Val.
173 2003 242 2051 Flac.
255 2018 273 2051 r.
285 2007 342 2053 478.
376 2005 442 2053 Haec
455 2005 542 2069 itaque
553 2005 621 2053 lmud
633 2004 711 2054 dubie
724 2019 785 2053 vera
793 2004 880 2065 lectio,
892 2017 924 2051 ex
933 2018 985 2067 qua
1002 2011 1058 2052 orta
1070 2002 1145 2059 soreit

543 2115 648 2165 NOTAE

55 2210 204 2271 cognomine
215 2209 322 2258 dicuni!
343 2211 391 2258 Vel
402 2211 438 2258 sia
448 2211 579 2273 appellata
619 2212 669 2259 enli
682 2218 708 2259 et
722 2212 844 2275 Neptuno
860 2211 955 2271 templa
968 2209 1000 2256 ibi
1013 2209 1142 2269 erexisae3

54 2295 92 2332 est
110 2285 186 2332 Italia
200 2284 230 2331 ab
246 2285 374 2346 Hespero,
389 2287 431 2348 qni
449 2286 579 2347 regionem
620 2288 659 2334 vel
675 2287 742 2349 quod
761 2300 791 2333 ea
807 2285 866 2332 urbs
879 2300 893 2331 a
904 2285 1013 2331 'l'arnnte
1027 2285 1145 2344 Neptuni

54 2361 128 2407 istam
145 2375 159 2406 a
174 2358 256 2406 fratre
272 2360 380 2407 Atlante
398 2361 483 2422 prtinus
502 2359 579 2417 adite
619 2359 670 2407 filio
693 2359 797 2407 condita
821 2365 897 2420 atque
919 2360 1065 2414 nominata3
1082 2359 1143 2406 olim

54 2436 94 2479 vel
119 2435 196 2480 etiam
223 2433 255 2481 ab
282 2435 400 2496 Hespero
425 2435 499 2481 stella
521 2449 578 2495 qum
619 2448 716 2494 nmgnae
740 2433 848 2481 Graeciae
870 2430 919 2478 suit
939 2432 963 2477 in
986 2431 1142 2488 Salentinis3

52 2508 154 2567 Vesper
176 2508 279 2566 dieitur,
296 2516 323 2554 et
342 2507 372 2553 ad
389 2506 516 2554 Oecasnm
536 2522 578 2568 ap·
617 2509 691 2555 bodie
704 2522 764 2555 vero
781 2509 806 2554 in
820 2514 889 2553 terra
903 2502 1086 2566 Hydmntiua3
1104 2518 1145 2551 ar·

52 2588 134 2640 paret.
174 2580 334 2625 Postremam
361 2581 426 2627 banc
452 2582 577 2643 originem
617 2597 672 2630 cem
688 2582 766 2629 babet
779 2590 930 2644 portumque
944 2587 969 2627 et
982 2580 1142 2642 principatus

53 2656 142 2703 asnerit
156 2655 384 2703 Macrobsatnrn.
395 2670 413 2704 r.
427 2661 450 2704 3·
468 2659 504 2706 ita
516 2661 577 2708 seri·
617 2654 734 2717 insigniti·

51 2731 128 2777 bena:
139 2729 231 2776 ‘ltalia
241 2729 309 2775 dieta
317 2738 354 2776 est
365 2729 575 2793 Hesperia,quod
650 2736 681 2778 80
693 2732 804 2792 Negligie
813 2731 937 2778 immeritis
945 2729 1084 2789 nocituram,
1093 2730 1143 2791 ese]

53 2804 163 2852 Occasui
176 2804 293 2863 subjecta
305 2801 355 2849 ait!
617 2804 646 2851 ld
660 2814 708 2865 est,
719 2810 739 2852 si
753 2807 810 2853 milri
824 2819 944 2867 suprema
956 2813 983 2851 et
998 2804 1071 2865 justa
1084 2817 1142 2864 per·

87 2879 210 2924 Venusina*
221 2876 305 2937 syloe]
323 2876 491 2936 Metonymia.
525 2879 576 2924 Ve-
616 2880 714 2926 solvere
737 2896 826 2941 parum
846 2894 928 2939 curas,
947 2880 1019 2940 sique
1038 2892 1085 2938 per
1103 2893 1141 2923 ro-

50 2954 123 2999 nusla
141 2959 167 2998 et
184 2951 323 2998 Venusium
344 2958 381 2997 est
401 2950 460 2997 urba
472 2949 573 3012 Apuliae
616 2953 728 2998 cordiam
748 2953 860 2999 admittis
882 2953 1008 3012 piaculum
1022 2951 1069 2996 tibi
1084 2963 1140 3009 pos·

51 3027 75 3073 in
88 3025 206 3074 Lucania
226 3024 515 3073 conliniozeontinetur
530 3026 574 3073 bo·
616 3025 728 3087 terisque
758 3026 808 3071 tuis
834 3026 988 3071 nociturum.
1032 3025 1141 3085 Semper

51 3099 92 3147 die
105 3099 243 3146 Basilicam
255 3098 419 3159 Neapolitani
436 3100 505 3160 regni
519 3115 575 3161 pro·
616 3099 683 3146 enim
701 3099 797 3159 grande
814 3096 885 3145 nefas
901 3098 1016 3144 habitum
1036 3105 1085 3157 est,
1103 3099 1140 3144 in·

51 3175 150 3221 vincia:
169 3173 200 3219 ad
217 3172 313 3219 radices
334 3171 463 3233 Apennini
483 3175 575 3222 montis
616 3174 743 3235 sepultum
768 3173 912 3235 relinquere
935 3171 1037 3218 obvium
1064 3172 1140 3219 cada·

51 3249 115 3304 sita,
134 3262 211 3308 parva
223 3247 335 3308 quidem,
353 3246 398 3294 sed
417 3248 575 3309 principatus
616 3264 674 3296 ver:
689 3250 782 3312 quique
795 3247 818 3295 id
831 3246 994 3308 neglexisset,
1005 3247 1139 3307 princuInris

52 3324 126 3369 titulo
138 3321 296 3378 nobilitatur,
311 3322 459 3381 vernacule,
475 3322 574 3369 Venosa.
615 3325 821 3373 existimabatur.
860 3320 966 3367 Athenis
986 3329 1070 3368 alitem
1089 3321 1139 3367 Bu·

82 3404 114 3447 29
126 3400 279 3458 Neptunoque
289 3398 351 3447 sacri
362 3402 454 3447 custode
464 3400 571 3462 Tarenti]
614 3413 688 3460 zyges
704 3396 828 3458 ejusnrodi
846 3407 916 3440 reum
932 3394 1043 3441 criminis
1062 3395 1138 3442 etiam

50 3475 103 3522 Cic.
114 3475 144 3520 de
157 3474 216 3520 Nat.
229 3474 306 3520 Deor.
318 3487 349 3521 ιι.
363 3488 386 3520 n.
399 3479 439 3519 66.
459 3475 572 3521 ‘Datum
613 3472 791 3518 execrabatur.

50 3558 89 3595 est
103 3550 224 3608 Neptuno
244 3549 316 3594 alteri
333 3548 415 3605 lovis,
431 3556 458 3593 ut
476 3549 572 3602 volunt,
646 3549 674 3591 ut
689 3543 814 3603 Frondem]
826 3543 891 3590 Nam
904 3542 992 3591 debito
1002 3542 1137 3590 defraudat

49 3623 121 3671 fratri
134 3626 286 3672 maritimum
299 3640 372 3672 omne
389 3639 510 3684 regnum:
530 3640 573 3672 uo·
614 3619 698 3667 Officio
716 3628 842 3666 mortuum
856 3618 899 3681 qul
920 3619 1075 3664 inhumatum
1093 3630 1136 3662 1¹0·

49 3714 158 3740 nrennue
183 3700 342 3740 rtrnrlnctnm.
361 3708 388 3740 nt
411 3700 540 3740 Portunus
559 3715 572 3740 n
615 3695 698 3740 filiali.
