2408 4200
389 258 597 311 cuauruuu
624 260 698 311 nia.
721 260 745 311 r.
767 245 818 312 le.

188 399 233 467 Et
246 402 373 468 lesciva
387 403 540 468 Licentia

230 504 350 570 Finitis
364 505 512 570 animum
526 505 663 571 reddere
679 507 859 573 amoribus.

187 603 264 670 Urit
277 625 330 670 me
346 605 499 690 Glycerae
515 608 604 672 nitor

229 706 445 789 splendentis
459 709 559 773 Pario
571 728 733 773 marmore
748 708 883 792 purius:

187 807 263 872 Urit
275 814 371 891 grute
385 811 596 893 protervitas,

228 907 273 973 Et
288 910 400 974 vultus
414 912 552 975 nimium
563 910 712 976 lubricus
728 910 849 993 aspici.

57 1085 120 1146 cogit
131 1101 167 1135 me
177 1088 208 1136 ud
219 1089 338 1137 extinctae
346 1104 438 1138 meree
447 1091 557 1138 reducere
572 1089 683 1138 minute.
716 1089 832 1138 Accendit
846 1105 882 1138 ute
890 1090 960 1140 decer
971 1092 1080 1156 Glycera
1090 1106 1151 1140 arur·

58 1163 121 1199 erere
135 1151 210 1200 Perie
226 1152 313 1201 cleriei
328 1151 479 1214 refulgentia.
513 1152 650 1215 lustum
666 1151 819 1212 nejueeade
829 1152 878 1213 elue
895 1156 1035 1218 mundent,
1045 1155 1152 1214 etsueiee

522 1286 671 1310 OOOOOOO
672 1287 702 1308 u

60 1365 156 1430 Delplr.
168 1369 253 1418 Boud.
262 1368 396 1418 Sclrrevel.
407 1371 467 1421 dau.
479 1371 587 1421 Miteclr.
598 1371 706 1420 Weleel.
718 1369 798 1421 Kidd.
810 1370 911 1420 alti-a
927 1369 1038 1421 dicentia
1049 1371 1152 1435 grandi·

60 1444 106 1479 ore
118 1432 140 1481 L
152 1433 232 1482 scribi
243 1434 340 1484 debere
352 1436 450 1486 monuit
462 1436 558 1485 Decer.
567 1441 595 1486 et
608 1436 646 1485 ita
655 1433 761 1485 edidere
779 1435 867 1486 Bentl.
884 1435 979 1487 Zurck.
988 1436 1067 1486 But.
1083 1437 1152 1496 dani,

548 1588 659 1641 Now

58 1682 87 1726 et
110 1678 194 1730 Diana
208 1682 292 1745 prima
314 1691 389 1734 uatus
410 1683 522 1735 dicitur:
545 1697 585 1735 ee·
625 1684 713 1734 venue
723 1683 780 1748 quie
791 1683 892 1735 neeeil?
909 1683 1002 1748 Apeet.
1014 1683 1047 1732 ud
1056 1680 1151 1746 Ephee.

58 1752 156 1803 cundue
167 1756 298 1807 Mercurio
306 1767 334 1808 et
343 1761 444 1809 Venere
454 1762 585 1812 reconda:
627 1773 652 1809 u.
666 1763 704 1810 18.
722 1759 828 1810 ‘Nolite
840 1760 962 1809 inebriari
974 1760 1043 1821 vino,
1057 1760 1084 1808 in
1100 1773 1151 1822 quo

58 1829 149 1877 tertius
162 1831 264 1894 quidem
274 1840 315 1882 eet
325 1833 445 1896 Anteroe,
457 1836 545 1885 Marte
557 1845 584 1885 et
625 1842 666 1884 eat
677 1835 796 1884 luxurie!
821 1836 847 1884 S.
855 1835 963 1885 Hieron.
974 1837 982 1864 ‘
992 1836 1151 1885 Venterme-

58 1901 161 1951 Venere
173 1906 269 1956 tertia.’
291 1907 360 1959 Quid
372 1923 432 1971 ergo
445 1911 502 1959 iric?
525 1911 585 1960 Cer·
627 1923 655 1958 ro
667 1918 779 1958 metuent
790 1908 867 1958 facile
878 1910 1015 1974 deepuutat
1030 1911 1056 1959 iu
1067 1909 1152 1960 libidi-

60 1984 87 2026 le
109 1979 200 2029 Poe'tie
222 1983 328 2033 rolenue
350 1994 391 2034 eet
413 1986 455 2035 uui
472 1988 585 2039 tribuere
626 1985 704 2035 nem.'

58 2053 127 2117 quod
151 2057 263 2120 plurinrn
287 2067 338 2120 est,
365 2063 508 2122 preeeettim
527 2079 585 2115 cunr
659 2060 793 2109 abcedere
810 2058 931 2122 Licentia]
952 2058 1054 2119 Otium,
1072 2057 1154 2106 iudul·

59 2141 152 2178 nomeu
171 2131 239 2180 idem
252 2133 373 2184 occurrit.
407 2136 452 2185 Sic
464 2139 506 2186 uni
519 2138 586 2188 Her·
626 2136 724 2200 gentle,
752 2136 865 2185 laacluia.
903 2134 1092 2198 Theophrastus
1117 2132 1154 2181 ait

60 2204 111 2253 culi
123 2219 154 2254 ea
167 2207 283 2258 tribuunt
296 2210 390 2272 omniu,
402 2225 460 2275 quae
473 2220 586 2263 tamena
627 2225 739 2259 eruorem
766 2224 824 2259 etue
847 2210 959 2274 effectuae
980 2208 1055 2259 enimi
1075 2208 1154 2270 oliuu,

58 2279 165 2331 diverrie
185 2283 305 2335 confecta
328 2294 398 2337 runt.
430 2288 535 2340 Pariter
552 2292 586 2340 ab
626 2285 701 2335 eduae
710 2287 788 2349 ψυχῆς
799 2284 976 2348 σχολαζούσης.

58 2354 137 2406 Ouid.
148 2359 217 2408 Fert.
229 2373 266 2409 tv.
279 2365 301 2411 l.
335 2364 586 2429 Venueappelletur
659 2363 752 2412 evru
773 2377 809 2412 me
833 2363 942 2426 Glycera
959 2359 1037 2423 nitur]
1054 2357 1156 2409 Ameria

56 2430 230 2492 ‘geminorum
242 2438 475 2491 materrlruoruur!
502 2443 585 2491 Ethic
626 2439 787 2500 tyrannidem
807 2447 958 2489 excusserat
976 2436 1112 2493 Horatiae,
1128 2444 1155 2486 at

57 2512 134 2554 meter
153 2509 305 2571 Cupidinem.
339 2513 382 2562 Sic
396 2521 424 2563 et
442 2531 458 2564 a
473 2517 586 2567 Peucen.
626 2509 1154 2579 aepeclueGlycertenouaecuteuaeinje·

58 2583 84 2629 iu
96 2582 178 2631 Attic.
191 2591 244 2634 tres
257 2587 365 2639 Venerit
376 2590 422 2639 lilii
436 2590 588 2642 referuntur
626 2592 671 2640 eit.
689 2593 816 2642 Nimirum
829 2594 993 2657 pulchritudo
1004 2589 1154 2653 est¹splen·

56 2655 137 2718 ἘΜ
159 2655 259 2722 Ἵμερος,
276 2662 357 2714 Πόθος.
392 2664 470 2730 Apud
495 2669 587 2718 Lucia·
626 2666 788 2730 dorqnidam
809 2670 834 2717 in
856 2671 988 2720 oculorum
1006 2665 1154 2731 fulgorum

58 2745 120 2781 num
141 2746 201 2783 uero
215 2738 300 2787 Venus
312 2739 434 2790 Paridem
453 2744 585 2808 ulloqnent
625 2740 839 2794 lineamentorum
861 2747 1038 2797 concinnitate
1060 2756 1091 2790 ac
1108 2739 1154 2788 de·

59 2807 123 2856 dum
142 2810 191 2858 eibi
211 2811 276 2860 lilim
291 2813 377 2875 jactat
395 2816 502 2868 eximios
519 2834 584 2883 cete,
625 2833 685 2869 core
701 2821 1000 2880 ccurieteue,lruureuum
1021 2817 1052 2865 ed
1073 2829 1101 2863 ue
1118 2827 1155 2862 ra·

53 2881 147 2946 ‘imper
169 2886 207 2935 eal
226 2886 325 2950 ‘Epora
367 2889 419 2940 Alii
443 2894 584 2958 Cupidinum
625 2896 697 2958 picus
714 2894 845 2945 animum!
877 2896 969 2958 virgil.
996 2893 1096 2956 Georg.
1112 2903 1154 2939 ιιι.

57 2967 155 3012 uuum
165 2965 217 3013 dici
230 2966 358 3016 Venerem
371 2972 542 3034 contendunt,
553 2973 586 3022 ob
625 2977 682 3021 215.
694 2974 701 3001 ‘
712 2973 816 3031 uritque
826 2970 936 3020 ridendo
948 2968 1083 3019 Foemiua!

57 3040 139 3088 varice
160 3049 187 3090 et
216 3044 371 3106 multiplices
397 3045 517 3107 affectus,
543 3049 587 3112 qui
659 3043 842 3104 tlSpleudeutie
853 3044 927 3089 Porio
937 3056 1051 3090 murmure
1061 3040 1154 3101 maiae]

57 3125 115 3160 eam
126 3123 152 3162 et
164 3129 275 3165 eruorem
295 3133 426 3180 nunquam
444 3135 494 3169 nou
509 3122 588 3170 comi·
629 3113 895 3162 Paroeiueulamaris
912 3113 999 3172 AEgaei,
1016 3110 1154 3172 Cycladum

58 3195 156 3235 tantur.
190 3191 256 3237 Nam
276 3194 320 3253 qui
337 3200 434 3250 amant,
451 3195 527 3240 modo
542 3208 589 3255 epe
629 3201 690 3246 une,
704 3185 807 3234 candidi
827 3184 960 3232 marmoris
978 3182 1060 3239 ferax,
1074 3197 1155 3248 eoque

58 3270 218 3324 recreantur,
229 3270 274 3311 eut
287 3262 381 3326 gaudio
392 3262 530 3313 fruuntur:
543 3280 589 3315 eae·
629 3260 731 3309 nomine
752 3258 928 3308 celeberrima·
962 3258 1048 3307 Slrssb·
1066 3258 1111 3306 lib·
1129 3273 1156 3309 x.

60 3340 118 3403 plue
130 3347 215 3387 autem
228 3339 335 3389 tristitia
347 3339 380 3389 ob
396 3341 536 3404 repulsam,
552 3342 590 3390 ira
630 3337 699 3387 Piin.
711 3342 841 3386 xxxvud.
853 3340 902 3385 ἀΰ.
937 3335 1042 3387 Pinder.
1053 3334 1086 3384 de
1098 3336 1157 3384 Cal·

59 3415 184 3464 aduereue
212 3416 326 3479 rivalem,
354 3417 483 3467 intertium
512 3418 588 3468 etiam
629 3414 705 3463 licie:
731 3412 818 3478 nuptu
838 3412 905 3462 λίθου
915 3411 1067 3477 λευκοτέραν,
1083 3411 1157 3460 Paria

61 3491 244 3554 desperatione
256 3501 378 3554 aguntur,
390 3508 471 3558 usque
489 3495 521 3544 ad
534 3510 588 3545 eue-
628 3491 706 3554 lepide
717 3491 884 3540 candidiorem·

60 3567 193 3631 pendium,
211 3570 259 3615 dte.
273 3568 355 3614 minue
368 3571 470 3630 placent
482 3573 525 3635 qui
537 3588 587 3622 mu·
660 3572 674 3616 7
696 3568 751 3616 Urit
768 3571 840 3628 gratu
860 3564 1014 3629 protervitas]
1031 3563 1158 3626 Superbia

59 3652 119 3694 trem
136 3643 279 3704 Cupidinum
292 3643 424 3705 explicant
436 3659 483 3705 per
495 3650 587 3697 amorii
627 3643 742 3707 quaedum
756 3650 782 3690 et
793 3642 918 3689 severitas
931 3641 1022 3688 ualteru
1032 3639 1109 3698 licte3
1120 3636 1157 3686 fe·

59 3717 588 3784 arrectus,luuump'ocum,saltuucanuu,
629 3721 698 3768 rocin
720 3733 777 3780 quum
798 3718 948 3779 plerumque
968 3722 1084 3763 amantea
1102 3715 1156 3777 plue

64 3798 112 3844 dic.
628 3794 758 3851 accendit,
770 3794 812 3854 qui
825 3792 893 3853 quod
907 3792 993 3853 negari
1007 3790 1116 3852 videtur,
1126 3805 1157 3841 eo

91 3873 242 3922 erueturne
254 3870 435 3931 Semeieepuer]
463 3871 589 3934 Bacchus,
629 3870 772 3919 ferventius
782 3874 919 3928 appetunt,
931 3866 1156 3929 eoquejucondiua

62 3948 104 4008 qui
116 3957 190 3997 natus
204 3947 288 3996 l'ertut
300 3947 401 3995 Semele
420 3946 510 3993 Catluri
521 3947 589 3996 Tire·
631 3950 832 4009 prosequuntur.

64 4022 151 4071 barum
163 4024 244 4087 Regin
256 4022 324 4072 iilia:
344 4021 441 4084 uirique
455 4021 511 4082 ipae
523 4023 590 4070 cole·
664 4026 679 4071 8
700 4021 784 4068 Vultur
795 4017 892 4067 nimirem
903 4017 1004 4066 lubricet
1014 4021 1097 4082 uepiei]
1111 4019 1158 4068 Αι-

64 4098 146 4147 batur.
180 4095 590 4150 (lurodauteurviuoacccudetur
631 4094 804 4163 pectueeuim
817 4091 1157 4148 mulieritlormoruiulap
