2408 4200
379 254 584 304 csnurnun
613 256 683 304 urs.
708 256 764 303 ιιι.
789 243 841 305 10.
1085 247 1151 313 439

508 510 606 575 ODE
643 513 694 578 X.

504 695 542 740 [Ν
572 695 706 743 nYcEN.

51 825 92 873 En
103 838 135 873 eo
146 838 240 887 genere
252 832 292 875 est
307 827 362 875 hee
375 827 434 876 Ode
445 828 514 890 qued
527 828 614 878 Greci
627 825 848 891 Παρακλαυσίθυρον
859 827 992 891 appellent
1005 843 1013 887 3
1030 841 1087 876 eum
1100 827 1150 874 sci·

88 904 150 952 iicet
159 905 224 967 quis,
237 907 340 954 nestum
350 905 400 953 sibi
412 921 427 955 e
437 907 525 968 puelle
535 907 627 970 janus,
638 908 768 971 projeetus
780 908 813 957 nd
832 906 909 956 limen
919 906 1028 957 domine
1041 907 1082 957 vel
1092 906 1153 957 sub·

88 990 127 1032 ter
138 983 278 1034 fenestram
291 985 346 1048 ejus
356 983 478 1034 debiliter
489 995 587 1039 cantat.

226 1097 450 1161 Exunnuun
467 1099 600 1164 Tanain
615 1101 645 1164 si
660 1102 802 1178 biberes,
818 1101 923 1182 Lyce,

226 1198 329 1261 Saevo
342 1207 447 1280 nuptu
461 1199 552 1280 vir03
575 1221 628 1264 me
642 1207 753 1266 tamen
767 1220 907 1282 asperas

227 1297 421 1363 Portentum
438 1301 617 1365 anteferes
631 1302 777 1385 objicere
792 1303 910 1365 incolis

358 1398 510 1463 Ploreres
524 1399 762 1483 Aquilonibus.
947 1396 950 1401 ’

91 1575 114 1620 0
125 1574 196 1638 Lyce,
210 1576 233 1624 si
246 1581 339 1638 peteres
355 1581 463 1629 drinium
477 1582 584 1644 Tanaim,
600 1581 684 1629 merito
694 1580 780 1641 junctu
796 1578 903 1641 barbaro,
919 1577 1071 1626 nibilominus
1080 1577 1155 1641 fleres

55 1650 92 1684 me
102 1645 157 1688 aste
167 1639 266 1699 jessem
277 1647 342 1691 tuum
352 1645 435 1693 durum
450 1652 572 1694 extensum
582 1660 696 1708 exponere
706 1645 783 1693 nentis
794 1642 1032 1705 Septentrionnlibus
1048 1643 1098 1690 iidie
1111 1641 1153 1689 dn·

88 1879 169 1929 Deest
181 1881 295 1931 Editieni
307 1883 402 1932 Sened.
414 1885 560 1946 Epigrnpise
578 1886 603 1931 in
624 1884 699 1932 codd.
718 1883 848 1932 Torrentii
868 1890 918 1942 est,
932 1882 973 1930 Ad
986 1881 1062 1944 Lycen
1074 1895 1154 1942 super·

56 1943 107 1991 bum
134 1946 159 1992 in
184 1951 307 2001 «πιπτει,-
332 1949 357 1994 ἰιι
379 1949 465 2007 suigg.
498 1950 538 1994 Ad
557 1947 636 2009 Lycen
645 1962 653 2003 ς
678 1948 703 1993 in
724 1946 773 1994 Ed.
791 1947 862 2006 Jani,
887 1945 1053 1994 Perncierusitd
1084 1960 1154 1992 nn.-

56 2010 69 2053 l
90 2008 189 2056 Tanaim
200 2007 304 2055 Wakef.
324 2016 351 2054 et
368 2010 455 2071 vitige.
473 2010 518 2055 sed
541 2010 632 2057 Tanain
644 2009 782 2057 Pulmanni
793 2009 929 2058 (iembIee.
943 2015 966 2057 i.
978 2014 1004 2058 2.
1016 2019 1044 2057 et
1080 2010 1154 2056 eiler.

57 2071 140 2129 Lipss.
153 2075 176 2116 1.
186 2075 210 2119 2.
222 2071 310 2117 Bentl.
323 2070 412 2119 Grues.
432 2071 505 2119 Leid.
524 2081 549 2119 et
573 2073 665 2135 Regin.
686 2072 760 2120 Heri.
773 2077 828 2120 Lu.
838 2078 895 2121 Μ.
904 2078 962 2121 Μ.
975 2073 1081 2136 aliique,
1097 2086 1154 2120 cnm

56 2131 117 2178 edd.
138 2133 199 2180 Feb.
219 2134 305 2181 Benti.
326 2134 435 2196 Cuning.
449 2135 542 2183 Decer.
555 2137 621 2182 Sivr.
632 2135 702 2189 dani,
715 2135 796 2182 Zenn.
809 2135 914 2182 Mitsch.
927 2137 1032 2196 Bipent.
1043 2136 1152 2184 Wetzei.

58 2194 147 2243 Comb.
158 2205 185 2245 et
197 2197 327 2246 nidd-s
340 2199 475 2258 Proiectum
485 2201 611 2257 anteferes
619 2198 720 2247 emend.
732 2198 817 2246 Bentl.
827 2210 937 2261 eumque
946 2200 1029 2248 secuti
1043 2200 1155 2262 Cuning.

92 2422 204 2472 Metrnm
218 2425 285 2474 idem
298 2427 366 2490 qnod
379 2441 457 2490 snpra
468 2442 487 2478 ι.
499 2428 551 2477 Od.
562 2433 588 2478 6.
628 2427 743 2490 Ripiraeis
766 2424 903 2483 montibus,
925 2423 967 2472 vel
995 2436 1010 2471 e
1038 2424 1155 2470 Caucaso

92 2502 104 2544 l
128 2499 274 2561 Extremum,
295 2502 349 2564 ἐγὼ]
376 2504 507 2565 Ejusmodi
526 2519 586 2553 can·
627 2514 713 2554 monte
725 2503 804 2553 fluere
816 2503 911 2560 dictus,
922 2501 1008 2550 Asiam
1024 2502 1056 2548 ab
1073 2500 1156 2548 Euro·

60 2572 142 2619 tiones
165 2582 193 2622 et
215 2578 332 2639 quereias
354 2588 433 2628 noctu
459 2581 587 2628 canebant
628 2581 777 2645 padisidit:
793 2578 937 2628 hodieDnn
957 2584 1071 2626 vocetur.
1107 2575 1156 2623 Est

61 2653 174 2694 amentes
193 2649 225 2696 nd
245 2647 314 2698 t'ores
332 2655 506 2714 meretricum,
526 2656 587 2703 ntin·
627 2658 738 2707 msxime
749 2654 983 2719 Septemtrionnlis,
994 2655 1088 2717 quique
1100 2652 1155 2700 No·

61 2734 168 2783 rumque
190 2723 322 2772 mulierum
342 2741 403 2788 ques
422 2729 587 2790 deperibant,
628 2734 715 2782 mades
735 2732 840 2781 Tanaim
859 2730 1019 2785 eveniebant,
1038 2736 1112 2776 erent
1130 2743 1156 2775 n·

61 2802 90 2843 nt
102 2795 139 2843 sic
150 2812 194 2845 eas
207 2798 412 2863 demererentur,
422 2813 498 2866 atque
510 2805 543 2851 ab
556 2806 589 2853 iis
629 2810 776 2870 grossiores,
797 2820 828 2854 ex
848 2806 973 2854 Strabone
991 2805 1036 2852 lib.
1050 2817 1081 2851 ιι.
1116 2805 1156 2851 De

60 2873 164 2921 tandem
183 2889 227 2921 sua
245 2875 370 2936 patientia
382 2877 456 2926 victis
468 2879 588 2927 admitte·
629 2884 720 2945 eojnm
735 2890 811 2929 untes
825 2879 883 2928 Ode
893 2893 933 2927 rr.
949 2879 1023 2940 imjus
1035 2877 1102 2936 iibri,
1113 2877 1157 2925 nbi

61 2959 150 2996 rentnr
162 2950 188 2998 in
205 2950 307 3000 domum
320 2959 396 3000 entes
407 2951 454 2999 sibi
467 2953 589 3000 eiausarn.
629 2957 764 3020 Scythicum
775 2970 865 3003 amnem
882 2953 996 3015 appellnt
1009 2952 1141 3000 Horatiae.

60 3024 126 3072 Vide
139 3039 196 3087 qnae
209 3025 330 3073 sunotsri
343 3039 362 3073 ι.
374 3024 426 3074 Od.
438 3030 477 3074 25.
511 3026 589 3075 Pium
661 3038 677 3081 ι
695 3032 737 3079 Me
748 3037 825 3078 tamen
836 3041 940 3090 weiss,
956 3025 1009 3085 dfe]
1030 3025 1087 3072 Non
1105 3031 1157 3072 tarn

61 3113 123 3146 'ew
135 3099 189 3148 (15¹5
208 3100 239 3148 ²¹¹
262 3100 334 3148 Pers·
349 3100 404 3149 Sbi-
424 3115 450 3148 V·
471 3105 525 3149 ¹⁶⁵·
546 3100 589 3149 ubi
629 3108 694 3157 dure
706 3119 776 3154 esses
788 3111 817 3152 ut
828 3116 869 3150 me
883 3101 1017 3164 jacentem
1032 3112 1110 3160 super
1129 3099 1158 3147 li·

61 3175 99 3222 sic
111 3177 232 3225 habetur:
246 3177 351 3226 ‘Limen
362 3178 394 3226 sd
404 3178 588 3227 ebseoenum...
629 3197 689 3233 men
700 3183 788 3245 jsnuae
802 3186 864 3237 tuae,
883 3175 1047 3238 frigidissime
1062 3182 1089 3223 et
1106 3190 1158 3224 mo·

62 3251 122 3298 dum
135 3252 266 3315 Chrysidis
279 3253 342 3302 udes
354 3254 449 3303 Ebrius
470 3262 531 3304 ante
551 3253 589 3303 fo·
629 3258 768 3308 lentissima
789 3258 955 3316 tempestate,
977 3251 1077 3300 rideres
1104 3253 1158 3300 sine

61 3343 103 3377 res
115 3330 232 3378 extincte
243 3344 301 3377 cnm
314 3329 373 3380 tace
384 3330 479 3381 centn?
630 3335 684 3382 nilo
701 3329 867 3381 numanitatis
886 3341 971 3377 sensu.
1005 3326 1085 3376 Orid.
1100 3327 1159 3375 Am.

95 3406 238 3454 Extremum
260 3407 352 3455 Tussis
385 3408 407 3455 ri
436 3406 538 3468 biberes]
563 3407 590 3455 Si
630 3424 661 3458 rr.
679 3412 735 3458 287.
753 3404 893 3468 ‘Frigidus
915 3404 994 3467 inque
1015 3402 1066 3452 ude
1088 3418 1158 3467 saepe

61 3487 121 3528 nats
134 3481 158 3528 in
171 3482 285 3543 Scythia,
302 3481 328 3528 in
346 3481 522 3531 remotissimis
539 3481 590 3529 iliis
627 3484 727 3548 jacebis
738 3480 832 3530 humo!

63 3563 90 3604 et
101 3555 274 3617 frigidissimis
291 3557 417 3619 pertibus,
428 3556 470 3604 nbi
481 3556 592 3604 scaturit
663 3564 679 3607 3
698 3557 805 3616 Odjicm
817 3553 901 3604 incelis
913 3553 1025 3602 Plnreres
1036 3552 1160 3615 Aquiloni·

62 3631 173 3680 Tanais:
193 3633 214 3679 si
226 3631 336 3680 barbam
356 3630 474 3693 proinde,
485 3639 510 3678 et
524 3644 592 3679 steen
632 3632 685 3695 bus]
702 3633 823 3688 Doleres,
833 3644 902 3692 segre
922 3630 1019 3677 sineres
1031 3643 1071 3675 me
1083 3627 1159 3688 objici

63 3721 165 3769 qnoque
185 3708 240 3754 siro
260 3713 342 3769 nupta
360 3720 438 3762 esses,
456 3719 531 3769 quern
548 3719 592 3753 ve·
632 3715 709 3757 noem
727 3705 809 3754 ventis
821 3703 904 3752 istisn
920 3704 1034 3766 Scyttriae
1054 3702 1159 3759 regione

63 3781 115 3827 reri
128 3781 290 3841 deberes3te
303 3789 390 3830 tumen
401 3789 593 3842 oporteretmo·
632 3780 762 3841 flentibus,
784 3794 814 3828 ac
837 3778 907 3824 velut
936 3776 1035 3823 ineolis.
1080 3773 1159 3820 Ouid.

64 3854 119 3902 veri
137 3856 199 3902 meis
218 3850 428 3918 umoribus,'cum
445 3855 593 3904 anteferes
632 3858 700 3905 Met.
724 3870 742 3905 ι.
763 3858 803 3902 nt.
830 3850 985 3912 ‘Scythiam
1008 3854 1160 3908 septemque

64 3937 122 3978 tues
146 3928 315 3979 excubantem
345 3946 465 3981 cerneres
495 3932 520 3980 iu
543 3933 594 3980 ista
635 3932 732 3980 triones
745 3923 863 3977 Horrifer
877 3918 1096 3971 invnsrtssoreas:

65 4004 131 4054 n‘e‘ris
145 4004 305 4064 intemperie.
667 4006 779 4052 Piorum
801 3994 910 4055 objicere]
937 3995 980 4042 Sic
1004 4001 1031 4042 et
1059 3994 1159 4044 locutus

99 4079 204 4143 Tenuis]
222 4079 326 4128 Fluvius
341 4080 391 4128 iste
408 4081 563 4142 notissimus,
579 4094 594 4129 e
634 4078 721 4127 Pleut.
734 4070 820 4121 Arriui.
832 4082 864 4116 ιι.
876 4072 900 4116 d.
912 4071 952 4115 29.
970 4069 978 4095 ‘
992 4067 1089 4132 Aquam
1105 4071 1162 4118 her·
