2408 4200
388 257 592 307 cnttsrtnusr
621 243 823 303 urs.·111.5.

227 397 467 462 Incontinentis
480 416 542 460 neo
555 396 647 478 Tityi
658 395 754 478 jecur

226 497 401 580 Relinquit
415 499 495 573 ales,
511 497 669 578 nequitiae
685 495 818 560 additus

268 599 411 662 Custos:
435 603 617 663 amatorem
633 603 787 661 trecentus

313 698 498 761 Pirithoum
512 698 668 762 cohibent
681 698 819 775 catenae}
1101 694 1145 760 80

54 888 173 939 libidinosi
185 893 249 956 tityi
265 894 337 955 lsepor
347 892 534 940 dimiilitmsltur
544 890 646 939 luxuria
658 890 744 938 uindex
754 889 889 950 appositus:
905 892 1021 937 miton
1032 899 1088 935 sere
1098 885 1144 934 Pi·

54 953 268 1005 ritlounrtrecenla
283 957 388 1005 eo'e'rcent
399 956 500 1003 cineum.

55 1168 83 1209 et
105 1160 275 1222 inpone—'17
295 1159 370 1222 hili,
399 1160 460 1207 licii
483 1160 613 1208 rsrisntes
632 1173 675 1221 sp.
695 1158 830 1208 leni-⁷8
848 1158 953 1220 Reliquit
970 1157 1042 1217 lips.
1062 1161 1084 1205 1.
1110 1170 1143 1205 ex

56 1224 155 1272 emend.
169 1225 238 1286 bipr.
250 1227 274 1271 3.
284 1229 308 1272 t.
320 1224 427 1271 Mentel.
441 1224 535 1270 Vener.
548 1227 619 1271 14⁹2.
638 1222 746 1271 Loeher.
764 1229 792 1269 et
807 1221 981 1270 Accensa-8⁰
996 1220 1139 1283 Pyritloun

58 1301 112 1336 rer.
124 1288 187 1337 lert.
199 1301 241 1350 ap.
252 1288 321 1347 lani,
341 1286 478 1335 Perithoum
488 1285 598 1335 Arcens.
631 1285 779 1334 Peiritlsouns
788 1286 904 1334 Torrent.

546 1413 655 1464 NOTAE

56 1524 226 1573 prorumpens
243 1511 354 1559 absumit
373 1526 430 1560 eum
451 1519 578 1560 montem:
621 1510 737 1557 deratam
749 1508 774 1555 in
793 1506 861 1556 omni
873 1520 900 1554 re
912 1519 1014 1554 serrare
1026 1511 1144 1555 constan·

56 1583 173 1647 adeoque
188 1599 238 1632 nou
255 1578 402 1635 minuuntur
413 1586 469 1648 ejrrs
481 1585 580 1634 crucia·
619 1584 698 1642 tiam;
716 1580 920 1630 cnicontrsrium
932 1580 1020 1628 vitium
1029 1581 1145 1644 nequitia

56 1665 106 1709 tus.
134 1659 201 1709 Vide
214 1660 316 1710 Lucret.
328 1661 372 1710 tib.
384 1675 423 1709 vr.
443 1660 524 1710 AEtnae
536 1659 581 1709 de·
618 1663 723 1711 dicitur.
741 1659 887 1722 Frugalitas
907 1671 921 1705 e
941 1655 1014 1720 fruge
1027 1672 1143 1706 ....ne·

55 1735 232 1797 scriptionem,
242 1739 291 1786 &c
617 1738 700 1803 quitis
708 1736 741 1786 ab
753 1750 783 1784 eo
794 1733 861 1797 quod
875 1735 1042 1796 nequicquam
1059 1741 1100 1782 est
1116 1733 1141 1781 in

86 1813 117 1858 77
134 1811 305 1860 incontinentis
320 1826 362 1860 nse
375 1812 441 1874 Tityi
450 1811 520 1868 jecur
532 1812 579 1860 ns-
617 1812 662 1860 teli
674 1812 792 1860 homine:
810 1824 841 1857 ex
855 1822 904 1872 quo
915 1807 982 1854 idern
995 1807 1065 1855 nilrili
1077 1807 1141 1856 diei·

53 1884 206 1948 linquitoles]
225 1886 320 1933 Vultur
339 1885 407 1946 Tityi
422 1885 497 1945 jecur
508 1886 580 1932 velli·
618 1885 676 1931 tnn'
694 1885 762 1932 Geli.
781 1897 831 1931 ιιι.
849 1888 888 1931 ll.
913 1881 1052 1945 ‘Nequam
1062 1882 1142 1930 homi·

53 1974 114 2009 cans
133 1961 202 2008 haud
214 1961 285 2007 illum
303 1973 413 2020 unquam
432 1959 527 2018 patitur
541 1960 579 2005 in·
618 1971 675 2004 nem
693 1957 779 2006 Graeci
795 1957 884 2005 dicunt
901 1955 1043 2014 ἀκόλαστον,
1061 1957 1141 2006 libidi-

53 2037 244 2100 terquiescere;
268 2032 337 2094 qnod
355 2031 460 2079 Latonae
476 2033 526 2079 vim
544 2032 579 2078 in·
618 2046 714 2086 nosurnr
743 2033 783 2080 vel
812 2032 901 2093 μιαρὸν,
929 2031 1066 2094 scelestum,’
1092 2037 1143 2083 &e-

52 2111 122 2157 serre
135 2105 284 2155 tentaverit.
302 2104 368 2151 Vide
379 2118 411 2152 rr.
422 2105 474 2153 od.
486 2108 526 2153 14.
619 2108 684 2153 Vide
694 2106 810 2155 Mserob.
822 2108 926 2155 Saturn.
936 2109 982 2155 lib.
991 2122 1022 2156 rr.
1034 2110 1058 2157 in
1070 2107 1131 2157 fine.

85 2185 117 2228 ⁷⁸
136 2179 266 2242 Nequitias]
287 2178 427 2227 Libidinem
450 2194 498 2228 non
518 2194 579 2229 raro
650 2184 683 2228 ⁷9
699 2181 833 2229 Anmtorens
842 2186 952 2230 trecento
961 2183 1097 2231 Pirithoum
1105 2200 1141 2232 co-

53 2262 126 2304 notet
138 2269 169 2303 ca
180 2268 237 2303 aox-
253 2255 305 2302 Cic.
320 2254 344 2301 in
355 2254 477 2303 Verrem:
495 2255 578 2302 ‘Ves·
618 2256 697 2304 libent
719 2256 818 2317 roim]
844 2253 952 2304 Amator
972 2256 1016 2304 ille
1032 2263 1153 2306 temerit-=

54 2331 115 2392 tigit
132 2329 243 2378 lihidinis
264 2336 291 2376 et
312 2329 448 2391 nequitias!
474 2330 577 2377 Trrsenl.
618 2333 681 2393 rins,
692 2331 873 2393 Proserpinam
889 2337 918 2378 nt
933 2338 1037 2394 raperet
1054 2332 1085 2378 ad
1100 2331 1142 2379 In·

52 2419 95 2454 ιιι.
112 2419 137 2454 n.
158 2407 196 2454 17.
223 2404 410 2467 ‘Frugalitstis
432 2412 472 2453 est
495 2414 577 2453 motns
618 2406 686 2456 feros
706 2406 848 2470 profectus,
865 2405 900 2452 ibi
912 2403 1008 2453 cetenis
1020 2406 1142 2454 constric-

52 2482 129 2530 animi
152 2481 299 2542 appetentis
323 2496 413 2543 regere
430 2489 457 2529 et
478 2480 578 2543 sedare,
618 2492 660 2532 tus
678 2497 763 2546 poenrs
783 2482 829 2529 luit
847 2494 938 2542 graves
958 2495 988 2530 ac
1006 2479 1140 2529 diuturnas

53 2570 203 2619 semperque
216 2556 393 2605 adversantem
406 2557 514 2617 libidini,
525 2573 576 2606 mo·
617 2574 669 2607 suos
681 2557 892 2621 intemperantis.

511 2789 609 2853 ODE
640 2789 684 2854 V.

54 2963 167 3013 Narrate
182 2967 305 3028 praeclare
317 2966 405 3014 Attilii
422 2967 513 3027 Reguli
528 2967 633 3016 historie
644 2968 760 3016 ostendit
771 2969 924 3031 Augustum,
940 2970 1081 3017 instaurata
1100 2979 1141 3013 re·

87 3045 135 3093 teri
153 3046 254 3094 militari
266 3045 402 3108 disciplina
420 3044 579 3107 superiorum
595 3053 739 3107 temporum
757 3046 915 3108 negligentia
931 3047 1054 3106 collapsa,
1065 3045 1141 3091 Rem-

87 3125 216 3185 pnblicem
228 3126 381 3184 restituisse,
393 3124 580 3186 imperiumque
592 3124 734 3172 Romanum
746 3123 843 3186 reqnsle
859 3124 939 3186 ipsius
949 3123 1022 3173 Joris
1034 3123 1142 3184 imperio

88 3203 239 3254 reddidisse.
270 3205 413 3268 Siquidem,
436 3212 464 3252 ut
488 3203 524 3251 ait
540 3203 689 3264 Suetonius,
707 3203 870 3266 disciplinam
886 3203 1045 3251 severissime
1066 3202 1141 3250 rexit.

90 3281 235 3343 (Laudatur
247 3284 389 3347 Augustus,
399 3283 467 3348 qnod
482 3284 555 3346 hrrjus
569 3284 665 3332 virtute
676 3288 704 3331 et
715 3282 822 3332 nominis
841 3282 923 3345 glorie
933 3281 1028 3332 tactum
1039 3287 1105 3343 erat,
1116 3289 1144 3330 nt

87 3359 161 3423 signs
172 3369 199 3409 et
209 3361 311 3424 Crptivi
323 3363 450 3412 Crassiani
461 3378 476 3411 ιι
488 3362 592 3412 Parthis
602 3361 779 3412 redderentur.
802 3363 883 3411 Istam
894 3361 1142 3424 verocsptivitetem

87 3439 263 3502 turpissimam
280 3455 337 3489 esse
355 3451 381 3489 et
392 3456 406 3488 s
417 3441 528 3490 moribus
541 3442 713 3491 Romanorum
724 3442 872 3501 abnorme,
886 3443 1032 3491 ostenditur
1047 3439 1142 3503 Reguli

87 3521 197 3569 consilio
208 3529 235 3568 et
247 3521 372 3594 exemplo.
390 3520 479 3583 Zesn.)

224 3632 336 3696 Ctnno
352 3639 519 3696 tonantem
534 3634 731 3698 credidimus
744 3633 767 3697 J
770 3654 864 3698 ovem

89 3781 144 3827 Non
162 3781 318 3830 dubitavimus
334 3784 418 3832 Jooeos
436 3784 492 3830 soelo
510 3784 636 3845 dominari,
650 3784 741 3846 quondo
758 3782 873 3831 intonuit:
889 3787 912 3829 et
923 3781 1044 3841 dagenus
1062 3775 1141 3823 vivens

86 3987 145 4035 Ode
156 3985 255 4034 decime
274 3996 348 4038 sexta
361 3991 431 4039 Libri
443 3991 528 4055 qnarti
546 3991 571 4037 in
592 3990 641 4039 Ed.
656 3990 752 4038 Sanad.
786 3983 984 4044 inscriptionem
995 3983 1031 4030 ita
1043 3979 1141 4030 varient

55 4052 129 4101 codd.
143 4049 367 4111 dandamim,-
382 4054 517 4114 Augustum
527 4054 642 4111 vestirem
659 4053 792 4111 Augustum
808 4048 906 4097 cennas
922 4052 945 4095 rt
963 4046 1049 4108 Regali
1064 4046 1139 4095 milti-
