2408 4200
380 294 432 341 An
455 292 661 341 chanlitum
689 295 757 342 uin.
781 295 805 341 Ι.

433 577 691 644 Excnltsus
726 580 771 644 V.

362 773 413 824 sn
431 774 490 825 on.
507 774 623 825 xxxv.
655 776 703 826 v..
721 779 759 826 rr.
776 777 836 842 sqq.

55 961 141 1013 Mens
160 968 265 1030 nuperis
282 970 394 1020 virorum
412 970 545 1020 doctorum
558 970 776 1031 disputationibus
792 969 981 1029 nobilissimum
999 968 1024 1016 in
1038 982 1089 1031 quo
1099 981 1144 1017 uos

52 1039 89 1090 its
100 1044 123 1092 b.
136 1045 152 1094 i.
164 1047 331 1111 versabimur,
341 1055 370 1098 nt
382 1049 502 1112 primum,
511 1062 587 1112 qnam
596 1049 622 1097 in
631 1049 784 1099 Observatt.
795 1048 926 1110 posuimus
935 1047 1143 1116 explicationem,

53 1122 161 1184 amplius
173 1125 329 1176 illustremus
340 1136 367 1175 et
380 1126 571 1190 confirmemus,
582 1127 676 1177 deiude
687 1129 844 1190 attingamus
853 1142 931 1190 snper
942 1129 998 1191 ipso
1009 1127 1145 1176 locnSum·

53 1212 151 1249 morum
163 1204 317 1255 criticorum
326 1205 437 1268 judicia.

86 1279 179 1345 Claros,
196 1298 289 1347 οιιιιςος,
306 1300 400 1348 namra,
419 1284 579 1346 meumque
593 1286 722 1347 plumbaea,
737 1283 868 1333 firmitatis
879 1291 907 1331 et
921 1282 1145 1347 immutabilitatis,

50 1357 129 1406 clusos
139 1368 166 1407 et
175 1376 259 1411 cuseos
270 1365 348 1412 etism
362 1361 492 1412 violentie
504 1362 616 1425 symbola
624 1363 735 1426 antiquis
745 1361 823 1411 inisse
831 1362 948 1412 diximus.
970 1355 1000 1411 l'd
1011 1377 1055 1411 uos
1063 1375 1145 1410 sermo

52 1435 152 1498 priscus
163 1440 250 1490 docet.
272 1439 349 1505 Apud
361 1442 498 1491 Platonem
509 1441 646 1504 (Pbaedon.
659 1456 684 1504 p.
696 1446 737 1490 6³.
749 1441 884 1505 Francos.)
897 1456 1006 1505 queque
1019 1443 1145 1507 voluptas,

54 1515 162 1579 quisque
173 1518 247 1567 dolor
258 1519 393 1569 ‘clavum’
407 1522 502 1570 babere
512 1520 616 1584 dicitur,
627 1536 678 1585 quo
689 1523 792 1584 corpori
805 1525 916 1570 animum
927 1520 1026 1584 affigat:
1040 1520 1145 1580 'Eadem

53 1591 124 1652 Μ
135 1595 173 1644 nol
183 1597 254 1656 λύπη,
267 1599 345 1663 ὅπερ
355 1597 416 1658 ἧλον
425 1598 515 1662 ἔχουσα
523 1603 640 1664 προσηλοῖ
647 1600 830 1664 οὺςὴν(ψνχὴς)
838 1600 897 1664 πρὸς
905 1601 936 1649 rb
946 1599 1013 1661 σῶμα
1022 1600 1061 1648 uui
1072 1617 1144 1661 rpor-

53 1676 149 1739 rsporp’,
168 1677 193 1726 b.
206 1691 229 1726 e.
245 1680 387 1728 arctissime
405 1680 523 1729 conectit
540 1694 596 1728 eam
614 1680 725 1742 corpori,
744 1680 869 1743 impresso
880 1696 930 1730 non
942 1681 1056 1729 evitabili
1069 1694 1145 1728 seusu

52 1766 148 1818 eornm,
166 1772 224 1821 quse
241 1758 267 1806 in
284 1774 393 1823 corpore
412 1759 486 1809 tinuit.
519 1760 633 1807 Eandem
646 1760 736 1808 animae
747 1775 805 1827 cum
816 1775 923 1824 corpore
935 1760 1144 1823 conjunctionem

52 1834 191 1898 ἱξὰνάγκης
202 1853 259 1896 esse
269 1840 372 1889 dixerat
385 1842 411 1888 in
421 1840 518 1889 Timeo
537 1855 563 1903 p.
575 1843 647 1890 1664.
665 1840 690 1887 in
710 1855 760 1903 qim
778 1841 869 1889 eodem
890 1856 915 1903 p.
927 1846 999 1890 1656.
1032 1839 1146 1904 Δοῐμονος

52 1914 187 1967 inferioret
200 1920 316 1981 corporis
326 1920 431 1968 humani
448 1920 587 1980 particulas
599 1920 723 1981 colligant
735 1919 843 1981 ἀοράτως
853 1923 947 1969 πυκνοῖς
956 1921 1064 1982 γόμφοις,
1077 1920 1144 1985 quod

55 1994 109 2043 Cic.
121 1995 154 2042 de
166 1996 288 2048 Univers.
300 2003 339 2047 lt.
351 1999 482 2046 transtulit
493 2014 500 2044 :
517 1999 606 2047 crebris
617 2004 727 2059 nuquam
737 2000 838 2047 cuneolis
846 2000 951 2048 insertis.
985 1999 1081 2049 ‘Claro
1094 2008 1145 2048 tra-

54 2071 105 2120 bali
122 2072 215 2135 figere’
230 2077 337 2140 antiquo
348 2091 465 2126 sermone
477 2079 567 2127 hoino
579 2086 636 2127 erat
648 2077 746 2126 firmum
759 2086 786 2125 et
798 2078 955 2127 immutabile
967 2077 1079 2127 efficere.
1112 2079 1144 2127 V.

53 2164 77 2199 e.
89 2152 143 2202 cie.
155 2155 227 2203 Verr.
240 2169 265 2204 v.
277 2160 318 2206 21.
335 2158 388 2206 ‘Ut
400 2159 447 2205 hoc
463 2157 615 2208 beneficium
636 2157 730 2206 trabali
750 2158 824 2204 claro
840 2155 952 2219 figeret!
985 2157 1092 2205 Petrnn.
1103 2160 1145 2205 86.

51 2229 155 2295 ‘Nosti,
172 2234 240 2297 qnod
258 2235 331 2283 simui
354 2235 491 2292 destinavi,
511 2237 583 2284 clavo
603 2236 694 2284 trabali
708 2234 786 2282 fixum
799 2235 856 2282 est.’
888 2235 1008 2286 Animum
1022 2234 1146 2284 Hectoris

52 2309 211 2376 indomitum,
227 2316 300 2376 cujus
320 2316 450 2364 violentie
467 2316 502 2364 nii
515 2322 602 2378 potest
615 2315 747 2374 resistere,
764 2322 897 2376 comparat
911 2315 984 2363 Paris
995 2331 1036 2377 ap.
1051 2313 1145 2362 Home·

52 2403 106 2439 rum
125 2405 183 2440 cum
201 2391 322 2456 ‘securi,'
336 2397 419 2444 omnia
438 2403 601 2458 penetrante,
622 2395 652 2444 li.
664 2401 688 2444 Γ.
699 2398 740 2442 66.
750 2409 807 2457 sqq.
839 2395 881 2442 De
893 2395 981 2456 liquido
989 2393 1083 2457 plumbo
1094 2406 1145 2441 me·

51 2470 181 2518 morabilis
191 2473 263 2521 locus
275 2475 365 2536 Eurip.
373 2473 499 2523 Androm.
509 2479 566 2523 20⁵.
580 2474 669 2533 utone
681 2475 768 2536 ἑδραῖοι,
778 2473 817 2522 sol
827 2474 875 2536 γὰρ
884 2473 905 2522 sl
914 2472 980 2536 πέριξ
989 2473 1013 2522 o'
1023 2471 1076 2534 ἔχει
1085 2479 1144 2528 ’6ης-

52 2545 93 2595 τδῐ
110 2547 235 2613 μόλυβδος,
253 2553 402 2614 dinamico
413 2554 436 2603 od
449 2553 504 2613 ἐγώ.
536 2554 600 2601 Τιιιιι
613 2553 683 2603 etde
696 2556 753 2604 Fati
765 2570 785 2604 s.
803 2555 975 2604 Necessitatis
993 2553 1017 2601 vi
1036 2561 1062 2602 et
1080 2553 1145 2600 into·

52 2626 124 2676 lubili
137 2636 163 2677 et
175 2630 341 2694 insuperabili
352 2635 414 2682 olori
422 2641 449 2681 et
458 2633 526 2680 cnaei
536 2631 605 2680 obvii
614 2640 672 2680 sunt
684 2634 708 2680 in
721 2635 807 2695 prisco
819 2648 934 2683 sermone
946 2633 1060 2697 politico.
1084 2633 1146 2680 Pin·

54 2705 109 2755 dar.
122 2708 202 2770 Pyth.
212 2718 243 2758 Δ.
256 2716 312 2761 12⁵.
335 2712 375 2762 ‘ris
386 2711 411 2760 dl
421 2711 525 2760 sindones
535 2713 657 2775 κροτιροῖς
666 2711 797 2772 bidumos
807 2715 878 2771 δῆσον
887 2713 969 2772 dhorn
982 2711 1097 2772 θέσφατον
1107 2708 1146 2768 ἢν,

53 2803 75 2834 ιι.
87 2803 112 2834 r.
123 2797 150 2835 λ.
185 2790 253 2845 Quod
264 2806 320 2839 nero
329 2793 457 2854 periculum
467 2790 553 2839 ualidis
563 2807 594 2840 ex
603 2795 726 2842 ommate
737 2809 781 2843 eos
794 2789 984 2856 (Argonautas)
994 2790 1044 2839 sibi
1060 2789 1145 2849 nilige-

52 2866 89 2914 os't
98 2881 117 2916 s.
129 2870 207 2932 affixit
218 2870 307 2922 clunis?
323 2874 385 2923 Erat
396 2873 499 2936 insutis,
509 2874 550 2934 irc.
568 2873 591 2922 h.
602 2889 625 2923 e.
637 2889 695 2938 qna».
707 2874 856 2923 Necessitas
869 2885 912 2920 eos
924 2870 955 2918 ad
968 2870 1032 2919 banc
1044 2869 1144 2933 pericu·

51 2946 131 2996 loram
142 2950 332 3011 expeditionem
344 2950 487 3002 faciendam
501 2953 524 3000 ri
537 2953 697 3002 ineluctabili
711 2953 813 3014 adegit?
845 2951 942 3000 Similis
960 2950 1062 2998 Horatii
1074 2949 1144 2997 incus

51 3035 91 3076 eat
103 3042 145 3078 ιιι.
160 3030 211 3079 Od.
223 3036 263 3080 et.
274 3039 297 3081 6.

87 3107 201 3155 Fuerunt
214 3111 287 3156 multi
301 3111 392 3170 intpp.
404 3112 449 3173 qui
461 3109 494 3157 ad
506 3107 691 3168 suppliciorum
703 3104 842 3162 cruciatus,
851 3119 872 3149 a.
881 3107 1009 3148 tormenta
1018 3098 1146 3150 referrent

52 3184 230 3237 iustrumenta,
248 3200 305 3246 qnos
329 3193 415 3246 gestat
433 3185 593 3235 Necessitas.
628 3184 712 3231 Cianos
727 3180 829 3228 trabales
847 3179 919 3226 aiunt
937 3191 992 3225 esse
1012 3178 1110 3237 σφῆνας,
1125 3195 1146 3228 a.

53 3261 167 3323 γόμφους,
187 3263 230 3325 qui
249 3276 295 3325 per
316 3277 409 3325 corpus
428 3263 606 3311 damnatorum
626 3260 721 3317 adacti,
740 3258 780 3308 vel
800 3258 891 3322 quibus
907 3256 977 3307 cruci
995 3255 1063 3305 affixi
1077 3256 1144 3304 sint:

52 3342 131 3390 cuneis
144 3343 258 3390 Caucaso
268 3341 372 3391 affixum
384 3357 440 3392 esse
453 3342 635 3391 Prometheum
647 3340 716 3405 (Cic.
734 3339 836 3388 Tuscul.
849 3351 880 3390 ιι.
892 3337 945 3402 9.);
963 3352 1029 3392 unco,
1048 3337 1146 3399 gutturi

55 3419 144 3476 infixo,
157 3429 252 3471 tractos
264 3437 321 3472 esse
332 3433 454 3474 nocentes
466 3424 491 3472 in
503 3423 599 3485 ignem,
610 3421 642 3470 ad
655 3422 737 3471 scalas
755 3421 894 3485 gemonias,
907 3422 933 3469 in
945 3420 1068 3477 Tiberim,
1078 3415 1147 3479 (cic.

54 3514 101 3562 pro
117 3500 145 3548 C.
161 3500 246 3549 Rabir.
258 3507 298 3550 16.
319 3503 432 3567 Philipp.
445 3519 464 3553 ι.
476 3509 500 3552 2.
516 3502 636 3552 Juvenal.
650 3516 669 3550 ι.
685 3507 738 3551 166.
757 3500 820 3560 dvc.)
837 3501 960 3564 liquefacto
979 3498 1072 3560 plumbo
1090 3508 1146 3543 reos

52 3594 108 3627 esse
121 3581 231 3643 punitos.
259 3581 309 3629 Sed
321 3582 368 3630 hnc
381 3584 496 3632 ultimum
508 3596 557 3632 uon
570 3584 618 3631 nisi
631 3597 663 3632 ex
675 3581 779 3631 Acrone
791 3588 817 3630 et
829 3579 1021 3642 Martyroiogiis
1034 3581 1146 3632 snumnt,

53 3661 144 3710 Romoe
156 3661 276 3710 usitatum
289 3662 442 3723 supplicium
455 3661 543 3723 irrisae,
562 3676 611 3710 non
633 3670 740 3725 possunt
760 3659 915 3718 ostendere;
933 3651 1145 3719 quemadmodum

53 3749 80 3790 et
91 3741 154 3789 illud
167 3741 199 3789 de
210 3741 297 3789 cuneis
310 3741 459 3789 Promethei
472 3741 548 3803 paulo
558 3742 637 3790 altius
649 3751 689 3788 est
701 3743 857 3803 repetitum;
873 3752 929 3800 qum
943 3749 984 3782 res
992 3735 1047 3794 jam
1061 3732 1146 3780 admo-

54 3821 112 3868 dum
125 3828 271 3881 suspectam
284 3821 348 3867 hanc
360 3821 559 3882 explicationem
569 3821 665 3869 reddit.
697 3819 848 3868 Sanadomrs
860 3830 916 3864 eam
929 3813 1024 3873 accipit
1034 3811 1146 3874 quidem,

55 3900 99 3947 sed
118 3888 223 3963 gravem
237 3900 459 3961 reprehensionem
473 3899 557 3960 poiitae
576 3898 664 3946 addit:
683 3897 732 3946 ‘Je
756 3911 786 3943 ue
808 3895 864 3955 puis
883 3888 1002 3949 snnffrir,'
1021 3889 1146 3952 inquiens,

56 3974 65 4000 ‘
76 3984 117 4025 cet
129 3979 225 4027 attirail
239 3977 393 4039 patibulaire
405 3978 437 4024 de
449 3979 528 4037 clous,
540 3976 573 4024 de
585 3977 665 4035 coins,
678 3974 709 4022 de
722 3987 795 4021 crocs
807 3979 835 4018 et
847 3972 879 4018 sle
891 3967 977 4031 plomb
987 3966 1073 4016 fundu.
1093 3969 1147 4018 J'ai

56 4067 101 4103 cru
115 4070 144 4103 en
156 4056 247 4109 devoir
259 4056 403 4119 decbarger
414 4056 439 4104 la
451 4055 607 4116 traducum,
617 4068 648 4102 eu
660 4053 816 4101 substituant
827 4049 863 4095 les
875 4045 945 4095 idees
956 4043 1087 4109 generales
1097 4056 1148 4092 asra
