2408 4200
384 231 590 284 cremnon
617 235 688 282 nra.
712 234 754 284 rr.
776 218 829 284 15.

228 373 370 458 Myrtus,
384 381 416 440 et
430 377 539 440 omnis
554 377 656 461 copia
669 377 812 456 narium,

272 476 438 560 Spargant
451 478 585 543 olivetis
599 478 747 556 odorem,

314 577 493 642 Fertilibus
508 577 642 643 domino
657 581 779 662 priori:

229 676 315 741 Turn
331 679 447 760 spissa
460 680 561 743 ramis
574 682 690 745 laurea
705 678 850 743 fervidos

229 777 397 844 Excludot
410 781 509 845 ictus.
553 780 632 845 Non
647 781 696 845 ita
711 779 846 844 Romuli
1113 785 1155 850 10

58 989 146 1040 quoqu
163 976 254 1025 neritia
271 977 346 1026 alam
362 977 483 1054 excludet..
512 978 577 1027 Dein
593 979 703 1054 nalem,
722 983 832 1054 myrteto,
851 982 874 1026 et
892 976 1093 1052 alereaodoratrra
1103 990 1157 1041 oper

58 1040 1157 1169 temtt‘lttltztmttztltttttttttttilttwti

516 1263 696 1284 ΝΟΜΝΟΙΟ

61 1363 144 1421 tuaque
154 1365 178 1408 et
189 1361 265 1436 cannia
281 1360 384 1409 emend.
397 1346 519 1410 Glarean.
531 1366 559 1410 et
571 1362 608 1436 aio
620 1375 684 1409 unna
698 1361 825 1410 Fabr.-o
839 1359 904 1436 var.
917 1361 991 1408 Lect.
1004 1373 1048 1435 'P‘
1066 1360 1158 1435 Joner.

62 1423 1159 1561 ‘ltfzrtttltnll{ttlltlf‘t‘zttf'ltffitll:llll't.{littltlltz

63 1547 226 1602 hauddubie
245 1565 278 1600 cx
297 1553 541 1616 interpretamen103
559 1550 618 1601 vide
638 1553 699 1601 Nic.
720 1551 813 1600 Heioa.
829 1551 862 1599 ad
883 1549 961 1600 Ovrd.
978 1551 1046 1599 Mat.
1059 1563 1085 1600 v.
1100 1554 1159 1600 ³89.

554 1703 665 1754 NOTAE

61 1799 269 1862 tia,aacolentnr.
294 1800 405 1853 Quidam
413 1802 511 1864 legunt,
520 1801 591 1864 Myr·
631 1795 1160 1864 Excludetictro]Seoqoodadreronaiol.

62 1880 144 1938 tuaque
154 1880 178 1925 et
188 1876 273 1938 aaran,
287 1880 328 1939 tre.
346 1883 376 1925 ot
393 1877 469 1926 matri
487 1882 591 1930 conatet
631 1890 690 1925 man
702 1877 808 1940 ejnaque
821 1877 913 1939 ignitoa
925 1875 992 1923 ictua
1006 1872 1093 1922 valere
1106 1872 1161 1920 lan·

63 1950 136 1999 ratio.
172 1950 225 1998 Alii
244 1951 333 1999 volunt
347 1952 388 2000 hic
399 1952 498 2017 Myrtea
508 1956 534 2001 t.
545 1952 591 2000 da·
632 1965 674 2000 rna
692 1951 794 2000 dicator
810 1965 843 1999 ex
863 1949 950 1998 Plinio
969 1949 1012 1997 lib.
1031 1961 1081 1997 xv.
1100 1962 1161 2010 cap.

63 2024 124 2073 clio.
143 2038 211 2086 arae,
231 2033 259 2075 et
272 2039 343 2076 num.
363 2028 456 2090 plural.
474 2027 591 2091 adeoque
631 2027 729 2090 ultimo,
745 2029 853 2077 Sueton.
869 2026 957 2075 Tibcr.
972 2039 1030 2086 cap.
1047 2027 1088 2073 69.
1108 2025 1160 2072 otc.

65 2098 436 2164 nltirnarnayllabarnprodncl.
452 2104 520 2153 Plio.
531 2117 592 2154 xxa.
631 2103 685 2151 aive
702 2102 770 2166 qood
787 2109 842 2149 arta
859 2100 969 2164 quadarn
984 2099 1070 2145 lauros
1091 2096 1161 2159 apud

66 2178 105 2224 11.
120 2174 173 2224 ‘ln
194 2176 271 2226 ltalia
289 2176 363 2226 aiolia
383 2177 501 2227 succedit
519 2192 591 2233 rora:
632 2181 760 2229 Romanoa
780 2178 861 2226 veluti
877 2174 1050 2240 alremont,
1066 2186 1161 2222 ramor-

64 2249 124 2300 huic
132 2250 276 2302 intervenit
288 2252 379 2302 lilinrn:
398 2268 482 2302 roaam
496 2268 591 2317 cyanos
632 2268 681 2319 qne
693 2262 746 2304 tarn
757 2254 810 2302 alte
826 2254 930 2314 lateque
951 2245 1122 2309 extendebat,
1133 2252 1162 2296 nt

64 2327 169 2391 excipit,
194 2342 304 2392 cyanum
332 2331 513 2381 arnaranttrua!
549 2334 593 2381 De
632 2330 741 2392 apiacam
751 2337 778 2379 et
788 2341 895 2390 opacam
906 2325 1022 2374 umbram
1032 2330 1162 2386 prateae·

63 2409 149 2466 myrto
161 2406 236 2467 plora
247 2407 369 2455 annotavi
381 2407 414 2455 ad
426 2421 445 2456 r.
458 2407 510 2458 Od.
519 2412 560 2458 88.
633 2414 684 2468 ret,
695 2406 812 2468 Soliaqnc
832 2401 952 2452 ardorem
968 2404 1081 2457 arceret,
1091 2397 1163 2446 ntea·

93 2483 111 2528 o
129 2481 214 2528 Onaia
224 2483 291 2545 copia
302 2482 408 2546 mam]
426 2481 594 2532 Abundantia
634 2482 802 2545 onosmiooac
812 2473 1164 2543 qnibncrctio‘verbaraso·

64 2555 193 2606 flornmct
207 2559 324 2622 odorum,
336 2561 379 2623 qni
396 2567 456 2609 aunt
472 2561 593 2611 odoratos
634 2557 681 2607 lia'
694 2563 884 2619 nuncupantur.
901 2552 1164 2615 sptnmquoquara·

66 2644 130 2694 opea
140 2633 210 2681 velot
220 2647 249 2682 ac
260 2635 368 2697 divitie,
377 2637 496 2698 voluptaa
506 2652 537 2685 ac
548 2637 592 2685 de·
633 2634 680 2682 aria
691 2636 794 2682 leccenna
807 2629 923 2680 referunt
941 2626 1020 2690 aliqui
1031 2624 1063 2674 ad
1075 2623 1164 2672 lrortoa

66 2708 181 2758 lectatio.
215 2710 262 2758 Eat
283 2711 326 2773 qui
344 2711 531 2762 ‘dorolitanae'
551 2713 593 2763 lric
634 2709 721 2772 operia
739 2706 850 2771 topiarii.
884 2706 924 2754 Da
935 2702 1028 2767 quibua
1045 2698 1163 2750 omnibna

67 2782 207 2832 Horatium
227 2785 372 2848 cavilletur,
389 2801 437 2837 nec
454 2788 517 2837 antia
535 2789 593 2838 ⁴in·
635 2786 703 2834 Plio.
715 2786 797 2833 citato
809 2783 874 2831 loco.
894 2780 1097 2840 Laurnanonrpo
1109 2775 1164 2824 alii·

68 2858 322 2909 tendiaaeanirnnrn!
337 2863 415 2913 Queat
425 2872 595 2914 verotamcro
633 2873 683 2924 quc
695 2852 802 2907 t'rntices
817 2855 944 2919 gradatim
962 2851 1070 2903 mollicie
1084 2851 1165 2900 inter·

68 2933 596 2997 quicquanracrtbereretentantur1³03·
634 2935 708 2984 vallia
730 2932 827 2982 inflecti
844 2930 1009 2993 annectique,
1021 2935 1048 2977 ct
1064 2927 1165 2975 cancel·

68 3016 104 3058 ta.
131 3009 213 3058 lmoro
227 3006 342 3058 feliciter
360 3011 530 3063 ‘intendebat
541 3015 595 3063 ani·
635 3013 707 3061 latim
719 3011 791 3075 pingi
805 3014 920 3073 poscunt,
936 3006 1019 3068 inquit
1036 3002 1164 3066 Cruqnina

67 3085 156 3147 mnm,'
175 3085 260 3135 forsan
280 3087 369 3136 ‘viror
389 3093 416 3136 et
436 3096 535 3138 roaorat
551 3104 596 3138 on·
634 3087 686 3136 hic.

69 3160 151 3223 gaas:
162 3168 189 3210 et
200 3163 226 3210 in
238 3176 313 3212 verau
326 3162 448 3213 iaciendo
460 3161 544 3227 ‘ampo
553 3179 597 3214 ca·
669 3167 699 3210 lo
714 3161 768 3209 Non
778 3161 813 3208 ito
825 3157 920 3206 Romuli
932 3151 1167 3216 l'roeaeriptrrra,lsc.]

70 3235 129 3299 pnt¹
147 3239 201 3300 jam
224 3238 380 3296 ‘scaberah'
401 3246 489 3303 atque,
510 3248 539 3289 ut
559 3242 596 3291 ait
637 3232 970 3297 Nonitanrnjoreanoatri:
983 3232 1166 3292 naciatagraa·

72 3311 152 3358 etiam
171 3311 285 3373 Porcina,
301 3312 308 3339 ‘
321 3314 435 3376 pluteum
450 3315 597 3377 ceciderat,'
637 3314 742 3362 rebatur
760 3312 862 3360 luxoria
878 3308 1035 3372 temporibus
1048 3305 1166 3363 Romuli;

70 3397 129 3435 Μ
141 3386 254 3451 terimi,
264 3389 411 3452 omniacopio
420 3391 530 3440 aerim:
541 3391 596 3439 dic·
636 3391 680 3454 qui
692 3388 799 3452 singolia
819 3387 917 3436 civibus
931 3385 984 3434 dno
999 3391 1099 3433 tanturn
1112 3382 1167 3444 agri

68 3465 106 3515 tio
118 3478 181 3514 rane
200 3471 252 3514 tam
270 3466 461 3530 grandisonam
476 3468 596 3523 insolens,
632 3466 727 3529 jugera
742 3463 890 3522 distributa
915 3466 960 3511 aut
976 3460 1081 3509 Catonia
1101 3459 1167 3506 Cen·

69 3549 122 3590 tarn
133 3540 242 3605 pnlclrra
253 3547 280 3589 et
292 3538 374 3601 diret,
386 3557 460 3604 quarn
474 3544 558 3592 audax
569 3550 598 3592 et
638 3540 709 3601 aurii,
720 3539 820 3588 Portire
833 3536 936 3586 iamiliae
951 3536 1083 3598 principia,
1095 3537 1168 3584 luxu·

70 3631 146 3667 nova.
638 3616 683 3663 riae
692 3615 772 3662 lrostia
780 3611 940 3661 infensissimi
950 3628 956 3658 :
968 3611 1012 3674 qni
1023 3606 1167 3668 Dux,0ra·

101 3696 117 3740 7
127 3692 247 3755 Spargant
256 3691 349 3740 olivetis
360 3693 598 3753 ororemffiertoioo
638 3700 690 3756 tor,
700 3707 730 3740 ac
741 3693 851 3740 Senator
860 3683 1168 3752 praclarna,t‘rrrgalitate

70 3770 161 3817 domino
169 3769 259 3832 priori]
270 3768 415 3819 odorifera
427 3771 508 3819 omnia
520 3785 597 3834 gene·
638 3777 665 3818 et
682 3767 843 3817 continentia
861 3767 939 3825 longe
957 3762 1057 3817 clarior,
1075 3764 1168 3820 quater

72 3845 108 3891 ria
120 3845 215 3905 planta
228 3840 376 3894 diffunden't
387 3844 555 3908 fragrantiam
567 3846 598 3895 iia
639 3851 666 3893 et
687 3844 840 3907 quadragies
865 3846 1008 3893 accusator,
1028 3833 1105 3881 toties
1127 3840 1168 3883 eet

72 3919 243 3982 intactaque
255 3921 325 3984 priua
337 3920 412 3969 oliria
424 3922 524 3970 consita
536 3921 598 3968 ube·
639 3921 782 3970 absolutor.
820 3910 953 3964 Plutarch·
973 3909 998 3955 in
1021 3910 1075 3970 ejus
1096 3908 1168 3960 Vita.

72 4007 126 4044 reor
139 3993 242 4041 domino
254 4002 405 4056 proventum
419 3993 573 4044 afferebant.
640 3997 708 4045 Plin.
720 4009 770 4042 vrr.
783 3997 823 4040 27.
842 3988 928 4035 Valet.
942 3984 1015 4034 Μαι.
1029 3997 1072 4036 ut.
1083 3988 1109 4035 t.

104 4074 121 4120 9
138 4069 198 4121 lim
214 4069 289 4132 ιρίιω
307 4071 381 4120 rancia
400 4073 480 4121 laureo
490 4070 600 4129 servilior
