2408 4200
56 242 124 305 not
411 255 446 315 o.
468 253 628 301 uocauit
652 253 782 302 raucos

186 397 253 460 Seu
267 394 390 459 Graeco
400 396 522 478 jubeas
537 398 665 472 trocho,

226 496 295 560 Seu
309 496 409 559 malis
423 499 526 561 vetita
538 499 665 580 legibus
680 496 775 574 alea;

184 596 270 662 (lam
285 597 419 680 pem‘ura
432 599 537 681 patris
550 599 635 662 tides

227 696 422 764 Consortem
437 702 565 764 socium
580 700 674 765 sallat
687 706 721 763 et
733 697 910 780 hospitem,
1105 698 1156 763 60

61 875 148 927 orec·
158 878 261 953 raineris
277 877 423 937 ami-‚stre
439 877 518 936 uagis
533 874 657 949 pleunit.
668 877 719 923 elea
731 873 823 948 lqibra
835 871 972 948 patina.-
994 874 1051 921 dn
1064 887 1156 936 paen

52 939 437 1005 ffimfflfflstffl
446 943 573 987 Μαι
583 952 669 986 m
680 945 704 987 et
714 937 843 1000 dapum
857 938 1156 1000 mannum·

512 1065 688 1086 mmm

60 1165 305 1216 beadendnar.’-t58
321 1164 392 1229 lips.
410 1169 435 1214 t·
450 1163 500 1213 aa
517 1165 599 1213 nnis.
631 1164 696 1214 Post
710 1165 763 1214 alea
779 1170 915 1228 punctam,
931 1170 960 1212 et
979 1177 1040 1211 mox
1056 1166 1153 1213 rubi.

62 1239 121 1292 post
137 1237 245 1293 prem
260 1231 335 1278 colon
351 1228 475 1277 exhibent
491 1227 580 1276 lamb.
591 1227 668 1291 Crnq.
679 1229 799 1277 Torreat.
810 1227 902 1277 Helas.
922 1227 986 1276 Feb.
1005 1227 1105 1276 Decet.
1123 1235 1155 1277 et

61 1295 169 1356 Caning.
185 1293 253 1341 ‘Sed
265 1293 360 1342 rectius
369 1299 429 1355 post
440 1291 491 1338 elea
501 1291 586 1347 roton.
596 1300 623 1339 et
635 1301 691 1354 post
701 1296 807 1354 premi
820 1298 941 1354 puuctum
954 1299 1050 1354 ponunt
1061 1290 1153 1341 nean.

59 1358 154 1406 Sansd.
166 1366 192 1406 et
202 1355 292 1406 θαι]
307 1357 439 1406 Just-oo
456 1355 580 1403 Coaesrles
589 1354 690 1404 emend.
702 1356 812 1417 Cnuing.
829 1355 992 1418 improbante
1002 1353 1071 1404 ani.
1094 1354 1152 1402 boe·

61 1422 124 1483 nites
142 1421 215 1471 llari.
226 1425 250 1470 1.
261 1425 286 1470 2
296 1424 320 1468 8.
329 1425 354 1468 4.
362 1424 387 1468 o.
403 1417 656 1468 illaudatam.
672 1418 754 1467 biald.
770 1426 799 1467 et
815 1419 862 1467 Sil.
880 1419 996 1483 Crnqnii,
1011 1416 1150 1466 Palmanni

62 1485 151 1533 iinon.
164 1485 297 1534 Gembtec.
309 1487 335 1532 2.
351 1482 447 1530 Beller.
460 1492 488 1530 et
506 1482 607 1532 Diestb.
623 1496 688 1531 uuas
705 1482 867 1541 Bersmanni,
883 1484 993 1532 Mentel·
1009 1481 1078 1544 Lips.
1088 1484 1113 1528 t·
1124 1485 1152 1530 4.

63 1548 131 1597 nter.
145 1553 168 1596 l.
179 1552 203 1595 8.
223 1549 333 1608 Frsneq.
353 1544 498 1594 Helmstad.
517 1547 595 1594 Brod.
611 1546 724 1594 bentleii
737 1546 826 1595 (lm.
837 1546 909 1596 laid.
921 1545 1035 1594 Colbert.
1045 1543 1152 1607 aliique,

62 1611 168 1660 Veneti.
181 1613 251 1658 1477.
272 1614 343 1657 1478.
363 1612 434 1656 ltro.
451 1607 558 1656 biediol.
578 1613 650 1657 1477.
667 1610 780 1658 Florent.
796 1615 869 1660 tiso.
886 1610 972 1659 Bentl.
991 1609 1103 1670 Coning.
1124 1615 1154 1657 at

63 1674 143 1722 Kidd.
179 1673 277 1734 Reliqui
290 1670 365 1720 codd.
378 1680 406 1718 et
416 1669 476 1718 edd.
486 1671 609 1731 bospite-r,
627 1673 711 1735 ‘qrrod
723 1673 792 1722 hand
805 1674 880 1722 dubie
899 1674 972 1736 longe
988 1671 1154 1733 elegantius:

62 1737 130 1784 Jasi.
159 1737 295 1783 coamens
306 1739 328 1782 rt
339 1737 425 1781 mnas
436 1734 600 1796 conj.Bentl.
612 1738 672 1797 qnia
684 1735 1019 1787 intermiscentium
1030 1736 1154 1794 intersita

65 1800 157 1912 liner.
170 1801 314 1861 Casssrtear,
323 1799 418 1859 nciam,
427 1799 467 1858 isc.
483 1798 573 1846 eadem
585 1798 617 1846 de
629 1813 715 1848 causa.
725 1800 795 1859 fallit
813 1812 841 1851 et
859 1815 917 1850 moa
929 1815 964 1847 rs.
974 1803 1013 1847 61.
1034 1804 1152 1860 properet

63 1878 77 1910 e
98 1865 105 1912 i
124 1865 144 1912 it
154 1865 242 1915 Jonas.

553 1940 658 1991 NOTAE

95 2044 126 2088 57
146 2042 229 2087 Graan
246 2038 335 2101 norbo]
356 2037 460 2100 Duplex
473 2037 521 2086 fuit
536 2045 587 2086 tro·
626 2039 730 2089 cietatis
741 2040 818 2090 tidem
829 2047 906 2104 atque
916 2036 1082 2101 hospitiijnra
1093 2035 1150 2084 rio·

65 2116 143 2164 chus:
162 2116 229 2161 alter
239 2113 371 2160 dicebatur
383 2113 469 2172 turbo,
481 2121 587 2177 eratque
627 2113 682 2162 lare
693 2130 743 2163 nou
755 2116 865 2165 dubitat.

63 2191 179 2237 ‘boarum
204 2188 327 2237 rotubtte’
344 2190 443 2237 scutica
461 2190 553 2252 agitari
573 2205 588 2237 s
658 2188 1150 2252 conoammsocnnjttssvocesatit

64 2267 150 2329 pueris
160 2267 259 2314 solitum
268 2283 275 2326 ς
287 2264 319 2314 de
329 2280 379 2328 qno
388 2266 411 2313 V
414 2267 479 2328 irgil.
487 2266 586 2316 AEneid.
626 2274 756 2327 separant,
766 2267 948 2328 explicantque
959 2268 1098 2326 consortem,
1107 2278 1153 2312 co·

64 2345 180 2390 usulis.
197 2340 270 2388 Alter
283 2340 357 2388 ludus
367 2342 449 2390 trochi
461 2348 527 2402 erat,
535 2343 584 2391 cir·
626 2339 767 2398 heredem
788 2341 883 2393 minu.
903 2339 945 2401 qui
966 2338 1152 2399 negotiationis

64 2417 115 2463 culi
127 2416 257 2479 cujusdam
276 2414 352 2463 ferrei
366 2417 405 2464 uel
418 2419 482 2465 anei
495 2419 585 2481 imput-
625 2414 772 2462 societatem
789 2427 819 2461 ac
836 2411 920 2460 faedus
937 2412 1000 2459 inito
1011 2420 1150 2460 contractu

64 2493 112 2552 sio,
123 2503 205 2540 artem
218 2493 348 2554 requirens
359 2506 388 2539 ac
400 2493 524 2552 studium;
541 2508 585 2542 ne·
624 2486 693 2537 fecit.
709 2487 880 2550 Aliijungnnt
892 2496 917 2534 et
931 2484 962 2532 ad
975 2500 1049 2532 aunam
1063 2496 1152 2547 poste·

63 2581 112 2627 que
121 2567 179 2612 solis
190 2564 358 2613 conveniebat
368 2567 462 2624 pueris.
484 2567 525 2614 De
537 2567 585 2616 boc
625 2564 716 2612 rioretn
728 2562 879 2609 seutentiam
891 2558 1016 2608 referunt.
1045 2560 1151 2624 Nempe

63 2639 165 2687 ridetur
183 2641 249 2701 toqui
268 2641 363 2687 Noster
379 2640 445 2699 istic,
462 2649 490 2688 nt
507 2651 534 2690 et
553 2643 584 2690 ad
625 2652 729 2687 consors
741 2637 896 2702 voceturqni
905 2637 1055 2685 tantundem
1068 2637 1151 2687 sortis

63 2714 171 2761 Pisones
189 2715 273 2775 Epist.
291 2728 326 2759 vs.
338 2717 396 2760 ³80.
410 2713 450 2762 nbi
463 2729 516 2763 rem
528 2717 585 2765 vide
626 2718 658 2764 ad
669 2725 836 2765 mercaturam
848 2714 956 2764 confert.
987 2716 1053 2765 Nam
1066 2716 1151 2778 prima

63 2787 143 2836 fusius
165 2790 318 2852 explicatum
336 2789 360 2835 in
378 2793 585 2844 annotationibus
626 2793 768 2856 pecuniata
778 2792 1150 2848 societatem‚utlncruminde

62 2865 164 2913 uostris.
626 2867 682 2926 frat,
699 2867 793 2915 collata
808 2881 863 2915 sors
879 2875 906 2914 et
923 2872 1002 2928 capnt
1018 2879 1149 2927 nuncupa·

94 2944 125 2988 58
148 2941 227 2989 Vettio
239 2943 328 3004 legibus
340 2941 402 3004 aba]
421 2942 452 2991 in
463 2944 583 2993 Saturus·
626 2951 682 2990 tnr:
695 2942 763 3007 quod
772 2958 833 2992 vero
843 2957 873 2990 ex
882 2943 926 2990 illa
936 2956 981 3004 per
991 2953 1147 2988 commonens

62 3015 127 3064 libus
143 3017 343 3078 permittebatur·
356 3019 421 3076 alea,
432 3034 519 3067 mense
532 3021 583 3068 De·
626 3020 806 3079 negotiationis
816 3019 928 3066 laborem
938 3017 1036 3065 accedit
1048 3028 1149 3062 aceres·

62 3093 175 3142 cembri:
194 3094 297 3158 reliquis
308 3097 365 3142 anni
384 3096 510 3143 mensibus
526 3111 584 3158 pro·
625 3094 723 3153 aitque,
751 3108 845 3155 corpus
872 3093 1003 3141 societatis
1025 3093 1148 3138 vocitent.

62 3170 136 3216 brusa
161 3180 226 3228 erat,
255 3171 459 3232 puniebaturque
486 3172 584 3231 iegibus
626 3167 717 3227 ltaque
737 3167 778 3212 ilie
797 3166 864 3212 fallit
880 3176 1025 3216 consortem
1043 3165 1148 3225 socium,

62 3243 190 3305 Cornelia,
212 3246 337 3303 Publicia,
353 3246 431 3292 Titio.
460 3246 584 3293 AEdilibus
624 3256 681 3288 cum
691 3240 819 3286 subrrslrit
828 3240 961 3300 quidpiam
972 3259 986 3290 e
996 3245 1076 3302 luero,
1087 3252 1112 3290 et
1124 3243 1150 3290 in

61 3331 92 3362 ea
112 3332 173 3365 cura
193 3320 366 3367 incumbebat.
388 3320 443 3368 Cic.
456 3320 548 3381 Philip.
560 3324 583 3367 2.
623 3317 747 3380 priuatam
762 3328 814 3361 rem
827 3321 958 3366 convertit
975 3320 1000 3366 id
1013 3320 1079 3382 quod
1093 3334 1150 3366 esse

60 3392 199 3438 ‘Licinium
212 3393 244 3439 de
257 3396 313 3440 ates
324 3394 520 3442 condemnatum
531 3395 583 3441 rol·
622 3403 756 3438 commune
767 3394 893 3452 oportuit.
912 3396 1004 3442 Cicero
1015 3409 1059 3455 pro
1068 3394 1149 3440 Sesto

61 3469 169 3514 lusorem
188 3481 259 3512 urrann
278 3469 406 3514 restituit)
429 3469 493 3514 l'idc
507 3469 582 3515 Alex.
623 3467 729 3514 Roscio:
748 3466 755 3492 ‘
771 3467 851 3515 Recte
870 3470 979 3530 rriejores
996 3468 1071 3514 nostri
1087 3481 1146 3513 enm

62 3541 94 3590 ab
112 3539 186 3587 Alex.
207 3553 250 3587 tn.
272 3546 312 3588 21.
334 3550 360 3586 et
383 3554 439 3602 qrrae
455 3542 582 3590 annotabo
624 3541 666 3603 qui
690 3542 787 3590 socium
809 3541 954 3602 fefellisset,
978 3544 1001 3589 in
1024 3540 1146 3589 bonorum

62 3617 93 3666 ad
117 3631 134 3663 t.
158 3614 242 3675 Epist.
267 3619 304 3660 18.
326 3620 366 3662 21.
390 3615 421 3662 ad
445 3616 488 3664 luas
509 3632 582 3666 uoces
623 3614 1148 3665 virorumnumeroirabendumnullomo-

60 3693 162 3742 ‘Quem
176 3704 291 3752 preceps
303 3694 358 3738 alea
370 3691 468 3740 nudat!
624 3692 656 3740 do
678 3693 852 3753 portaverunt!
886 3690 950 3737 Vide
969 3689 1078 3735 eundem
1099 3707 1147 3752 pro

94 3772 125 3817 59
149 3769 209 3815 Cum
231 3765 324 3827 perjuro
345 3767 420 3827 ,unta
438 3769 512 3829 fides,
530 3769 583 3830 isc]
624 3770 656 3820 P.
668 3770 784 3819 Quriutin.
801 3767 982 3818 Animadverte
995 3781 1070 3829 porro
1084 3780 1149 3832 quint

63 3847 129 3894 Dum
147 3857 211 3906 pluer
226 3843 341 3903 indulget
356 3842 472 3891 mollibus
485 3851 511 3891 et
522 3843 583 3892 futi-
623 3851 649 3893 et
661 3854 755 3909 quauta
767 3844 831 3892 mala
843 3842 984 3890 committat
997 3843 1039 3891 ille
1056 3859 1148 3896 avarus

61 3922 127 3968 tibus
139 3919 238 3978 studiis,
249 3918 349 3965 interim
367 3925 441 3979 pater
456 3918 480 3966 ei
493 3933 583 3981 conge·
625 3929 706 3980 pater.
740 3926 760 3968 ι.
773 3917 896 3966 Periaulls
918 3924 946 3965 ot
968 3918 1098 3969 laboribus
1120 3939 1148 3973 se

61 3996 94 4041 rit
106 4012 168 4057 opes
188 4009 232 4057 per·
248 3993 286 4042 fas
304 4003 330 4041 et
346 3993 427 4050 nefas,
440 4010 503 4058 quas
517 3998 583 4044 male
624 3996 736 4045 coniicit.
758 4000 782 4045 2.
794 3994 977 4056 Paupertatem
990 4009 1045 4043 esse
1056 3999 1149 4048 mairam

61 4077 146 4124 partas
159 4074 225 4118 umle
237 4070 369 4132 dilapidet.
405 4071 469 4120 b'am
487 4072 529 4120 ille
543 4087 583 4120 so·
625 4073 800 4122 stultecredit.
815 4071 929 4120 &timue
939 4070 1151 4136 fasciolatqncs·
