2408 4200
408 276 442 338 Q.
464 276 623 329 nonunt!
646 278 804 328 ennodi·-

178 421 371 486 Laudibust
394 421 452 502 qui
466 439 518 484 res
531 420 701 483 hominnm
718 439 758 483 uc
774 419 938 500 Deomm;

178 522 248 599 Qui
262 542 352 586 more
366 541 407 585 ec
423 527 540 598 terras,
556 521 724 602 variisque
742 520 900 585 mundum
1098 523 1139 584 15

435 622 617 702 Temperat
631 620 740 683 horis:

180 721 276 784 Unde
292 722 338 784 nil
353 722 461 803 majus
475 727 644 802 generatur
658 721 745 802 ipso,

181 821 214 884 N
217 840 256 883 oc
273 822 360 901 viget
374 821 552 902 quicquam
565 822 685 897 simile,
702 827 760 884 out
773 821 950 885 secundum
965 843 973 884 :

180 922 359 985 Proximos
374 922 422 984 illi
436 927 546 984 tamen
562 921 743 1004 occupavit

435 1020 553 1085 Pallae
568 1022 719 1086 honores.

181 1122 315 1186 Praeiiis
330 1122 454 1198 audax,
467 1142 575 1204 nequo
589 1132 624 1187 te
638 1123 759 1205 silebo,

52 1329 121 1375 quam
130 1318 245 1376 praeconio
256 1322 364 1364 consueta
374 1316 459 1377 patrio,
475 1315 516 1376 qai
532 1330 569 1365 m
588 1314 722 1363 mortalium
735 1319 760 1362 et
776 1315 952 1370 immortalium,
969 1314 1010 1373 qui
1020 1325 1083 1359 omre
1094 1318 1140 1358 ter-

51 1393 136 1439 rasque
154 1385 177 1428 st
194 1381 272 1428 orbem
289 1380 389 1427 diversio
406 1378 547 1440 temporibus
565 1381 716 1426 moderatur?
733 1379 812 1434 Quare
828 1378 889 1425 nituit
907 1378 957 1436 ipso
967 1377 1040 1435 mqias
1050 1375 1139 1422 oritur:

52 1442 121 1489 immo
131 1456 203 1503 meque
212 1459 256 1503 par
264 1444 382 1504 quidpiam
392 1443 427 1490 oei
436 1442 569 1503 proximam
578 1443 649 1489 oalet.
681 1440 793 1489 Attamen
805 1441 888 1488 Potior
898 1439 999 1487 obtinuit
1011 1441 1141 1499 requenttm

51 1507 161 1563 tradam·
194 1507 245 1558 Nec
256 1507 335 1554 tacebo
346 1513 378 1567 te,
390 1504 492 1559 Bacche,
502 1504 667 1553 certaminibus
677 1509 784 1552 strenae:
801 1519 872 1564 neque
885 1510 917 1558 te,
937 1504 1003 1563 uirgo
1015 1501 1079 1562 ferio
1090 1516 1142 1547 cru·

505 1643 688 1665 ΝΜΜΙΝΙΟ

53 1740 154 1788 Ιιωτεῐ]
170 1741 301 1787 doni-id
318 1739 366 1786 ‘ln
379 1739 496 1788 Lambini
512 1738 661 1802 quibusdum
671 1736 747 1786 codd.
759 1739 799 1800 qai
807 1753 851 1785 rex
861 1738 977 1784 bominum
987 1753 1014 1784 ac
1024 1739 1144 1792 Deorum

53 1818 128 1862 quom
140 1804 279 1850 tectionem
292 1804 335 1850 rue
349 1817 400 1850 non
412 1802 531 1862 damnum
550 1816 597 1849 neo
614 1801 679 1863 ego!
696 1802 777 1849 Bruti.
811 1801 896 1848 itaet
914 1801 1036 1847 Glarean.
1055 1799 1108 1846 nu.
1119 1803 1142 1846 1.

54 1868 166 1914 Desoi.
180 1867 348 1927 probantibus
362 1867 476 1914 Mancia.
492 1874 517 1912 et
536 1865 694 1927 steph—15
712 1864 787 1912 Hori.
800 1868 824 1910 2.
835 1869 860 1912 o.
879 1864 993 1910 nonnulli
1010 1863 1099 1910 Benti.
1116 1868 1143 1909 et

54 1930 143 1977 Lamb.
156 1929 207 1976 duo
218 1928 382 1987 Burmanni,
394 1929 497 1989 Lips.t.
515 1929 591 1976 Deru.
602 1932 627 1978 2,
645 1924 754 1975 Arcens.
767 1927 874 1974 Locher.
892 1927 978 1973 Bruti.
997 1926 1062 1974 Cun.
1082 1927 1142 1972 San.

52 1991 113 2040 Jen.
127 1991 231 2041 blitsrh.
247 1993 305 2053 Bip.
320 1992 429 2040 Wetzei
443 2001 469 2040 et
482 1990 562 2038 Kidd.
574 2007 601 2038 oo
613 1997 706 2045 terras3
724 1990 797 2037 Hori.
811 1994 832 2036 1.
843 1996 866 2036 5.
877 2004 905 2035 ac
916 1995 1022 2045 terram5
1039 1988 1142 2050 quidem

54 2055 170 2103 Lambini
183 2062 210 2103 et
221 2069 286 2103 unus
298 2054 453 2103 Bersmanni
472 2060 494 2101 et
515 2060 617 2108 terr-amr
643 2053 772 2115 Frsncqu.
790 2057 830 2098 out
846 2057 951 2108 terrom;
980 2054 1065 2111 vuigg.
1084 2065 1143 2098 cum

54 2118 134 2166 Geso.
150 2121 226 2166 Bout.
237 2119 326 2166 Comb.
337 2126 364 2165 et
375 2116 479 2165 Wokef.
492 2122 514 2165 et
527 2119 677 2164 terrae-19
695 2115 820 2162 Heinsius
829 2124 857 2163 et
869 2115 953 2163 Pulm.
966 2114 1067 2162 emend.
1079 2129 1144 2161 occs-

52 2181 128 2242 patto,
141 2182 306 2243 probantibus
321 2183 442 2243 Rutgers.
452 2180 549 2228 Decet.
562 2180 671 2228 Putean.
680 2185 707 2225 et
716 2177 835 2226 Woddei.
848 2185 875 2224 et
886 2179 923 2225 sio
935 2177 1007 2225 dedit
1018 2178 1144 2236 R.Steptr.

54 2250 126 2292 —20.
143 2250 172 2293 21
193 2245 275 2293 Parus
293 2245 388 2292 bonores
406 2244 506 2291 Praeiiis
524 2244 610 2290 audox.
654 2243 735 2302 Neque
755 2247 786 2298 te,
803 2245 842 2301 isc.
859 2242 964 2288 Venett.
981 2245 1050 2288 rtur.
1072 2245 1143 2289 ltro.

56 2310 127 2356 ltro.
145 2310 233 2357 Booti.
254 2310 364 2370 Coning.
387 2307 570 2368 Furstenberg.
594 2306 703 2354 Wetzei.
721 2314 748 2351 et
769 2304 846 2352 iiidd.
866 2305 1026 2365 improbante
1041 2305 1145 2353 duni.-

545 2455 652 2505 NOTAE

54 2552 108 2611 iso]
138 2552 238 2611 Legunt
258 2550 343 2612 inqui,
363 2557 503 2611 perentam
530 2551 577 2599 hoc
618 2549 1143 2598 coil.“Prouirnum'dicebautueteres

55 2640 147 2672 seusu:
167 2625 235 2673 Quid
257 2625 324 2685 prius
341 2626 423 2673 dicum
442 2640 517 2688 quom
536 2641 577 2673 eus
620 2641 669 2672 uon
688 2626 768 2672 roium
785 2626 918 2671 adhaerens
936 2634 961 2671 et
979 2625 1144 2686 adjunr·tunr;

54 2699 126 2746 Jovis
140 2696 310 2757 landramnus
322 2700 427 2758 majores
446 2699 525 2745 nostri
538 2713 578 2744 so·
621 2714 706 2746 verum
726 2702 802 2747 etiarn
821 2703 895 2760 longe.
914 2710 1046 2758 roruotunr,
1064 2701 1083 2747 ui
1107 2709 1145 2748 ta·

55 2774 109 2819 lent
122 2771 227 2818 dicere?
253 2771 304 2818 Alii
317 2773 414 2830 meiius,
427 2773 541 2831 parentis,
553 2773 577 2818 id
620 2789 677 2821 tuen
690 2775 818 2822 interduo
831 2774 941 2822 discreta
958 2776 1017 2821 niirii
1033 2777 1144 2824 medinm

55 2857 112 2893 est:
133 2846 201 2895 Quid
217 2847 286 2908 prius
304 2854 348 2895 aut
366 2847 449 2908 potius
462 2846 579 2906 referum,
621 2850 768 2896 extitisset)
803 2851 893 2910 virgil.
916 2851 1016 2900 ti'neid.
1041 2865 1066 2895 u.
1088 2855 1146 2898 320.

54 2934 129 2981 quum
141 2928 213 2965 notos
225 2920 339 2967 omnibus
357 2935 387 2967 ao
405 2921 498 2981 passim
513 2922 579 2967 ceie-
621 2924 774 2969 ‘Proximus
787 2925 854 2980 tunic,
871 2926 944 2982 longo
958 2927 1001 2970 uod
1016 2925 1144 2984 proximus

55 2995 123 3041 brari
135 2994 222 3040 solitas
235 2994 323 3040 tutides
334 2995 405 3042 iovis
415 2995 526 3041 onmium
537 3009 579 3055 pa·
621 2999 765 3056 interverto,
784 2999 932 3059 Insequitur
947 2998 1050 3045 Salius.’
1078 3000 1144 3048 unu.

54 3068 137 3126 rentii,
149 3070 190 3129 qui
207 3083 248 3115 res
262 3083 334 3130 reque
347 3072 459 3117 Deorum
473 3084 502 3117 ac
514 3084 579 3117 mor·
621 3074 645 3120 in
663 3074 760 3119 Bruto:
781 3074 788 3097 ‘
802 3074 861 3119 Luc.
879 3073 1013 3132 Phiiippus
1030 3074 1145 3122 Antonio

56 3142 144 3188 tatium
157 3151 240 3200 erunt,
253 3145 328 3205 regit,
339 3144 504 3192 moderatur?
622 3150 749 3209 proximus
761 3148 910 3204 accedebat,
920 3147 963 3194 sed
974 3149 1050 3206 tonpo
1060 3158 1145 3197 tamen

91 3223 117 3264 15
129 3220 369 3279 Variisqaeurunduru
377 3218 578 3280 Temperotiroriu]
622 3224 755 3270 intervallo
767 3222 913 3283 proximus!
941 3223 1027 3268 Pullus
1039 3225 1146 3272 honores

57 3294 141 3340 Variis
162 3295 369 3353 tempestatibus,
393 3309 462 3350 vere,
481 3303 581 3352 metato,
620 3306 730 3357 orcupnt
742 3296 800 3345 Jovi
818 3298 962 3357 proxiruos;
979 3299 1075 3359 quippe
1088 3309 1147 3346 nato

56 3366 580 3428 autumno,iryeure:culoromsrigoro,iri·
621 3373 688 3417 iilius
709 3372 823 3417 cerebro.
859 3372 908 3416 Atii
928 3372 1015 3419 volunt
1034 3376 1146 3434 spectari

57 3456 103 3502 gns
116 3441 199 3486 calore
213 3448 346 3499 temperat.
622 3445 653 3488 ab
668 3444 783 3497 Horutio,
795 3443 862 3503 quod
882 3446 905 3489 iu
923 3445 995 3492 Jovis
1008 3449 1145 3510 Capitolini

92 3523 119 3564 17
142 3517 208 3563 [tude
225 3516 258 3561 nii
275 3515 419 3574 trepuntio]
439 3515 487 3561 Alii
502 3516 578 3560 iuter·
622 3517 798 3573 tonrpiooelin
814 3525 1077 3583 tresorunt,quurum
1095 3541 1146 3572 me·

58 3600 206 3652 protuntur:
227 3589 309 3649 Aquo
322 3590 388 3637 Jove
408 3597 497 3648 utpote.
512 3591 580 3649 opti·
622 3590 661 3634 diu
681 3591 764 3648 Juvis,
784 3591 874 3639 dextro
896 3596 1028 3654 biiuervm,
1047 3600 1147 3646 sinistre

56 3683 97 3714 ruo
110 3668 218 3712 ninxinro
231 3665 289 3710 nihii
303 3665 359 3723 ipso
369 3664 448 3724 majus
460 3663 579 3724 gignitur.
621 3664 745 3711 Jruronis:
765 3666 831 3713 unde
846 3668 930 3715 Palios
946 3680 1005 3716 nuto
1019 3673 1144 3719 Junouem

58 3741 107 3787 unt
121 3759 125 3785 ι
143 3742 212 3796 uude,
224 3741 247 3786 id
261 3747 308 3797 est,
320 3748 485 3800 quiapropter.
622 3756 671 3801 pon
680 3742 780 3787 inolent.
802 3743 882 3789 Varro
892 3744 923 3790 do
935 3745 1005 3803 Liug.
1017 3748 1071 3791 Lat.
1082 3748 1097 3789 Ι.
1109 3760 1144 3791 rr.

91 3822 120 3863 18
141 3816 232 3874 Simile,
252 3822 292 3862 aut
314 3816 449 3875 secundam]
480 3816 532 3862 Pur
555 3824 580 3861 rt
653 3821 680 3860 21
703 3817 799 3862 Prair'r's
815 3820 894 3864 audax
906 3834 976 3878 noque
988 3825 1010 3863 te
1020 3819 1091 3863 siieiro
1105 3821 1146 3865 Lr'·

58 3890 172 3946 proximo
191 3891 334 3937 accedens:
366 3905 438 3952 :uque
463 3906 580 3951 unrgnuur
622 3889 1144 3949 berittum}curntiburtinorumBao-

59 3976 88 4005 ιε
102 3970 199 4019 potens.
622 3965 681 4010 cirus
695 3965 771 4011 Liber
783 3968 882 4013 dictus:
903 3968 940 4010 vei
953 3966 1017 4026 quod
1036 3967 1145 4015 devictis

92 4039 120 4079 19
136 4036 260 4084 Proximos
272 4046 357 4099 tarmen,
368 4040 419 4099 tio]
434 4041 499 4086 Non.
512 4040 580 4084 biur-
622 4040 735 4087 hostibus
749 4058 774 4089 so
788 4057 894 4102 riuosque
907 4043 1014 4090 asseruit
1029 4044 1054 4090 iu
1070 4046 1146 4093 iiber·
