2408 4200
413 278 446 336 o.
469 275 628 324 uoaaan
653 277 784 326 anicet

186 416 308 497 Rixae3
331 419 402 482 sive
416 437 498 501 puer
513 418 626 481 furcas

227 518 402 601 Impressit
416 538 591 583 memorum
607 517 708 581 danto
721 516 825 582 labris
840 527 962 586 notam.

186 616 278 693 Non,
294 621 322 682 si
339 639 390 681 mc
405 620 488 682 satis
503 617 632 694 audias,

228 718 348 799 Speras
365 726 571 800 perpetuum,
586 716 700 781 dulcio
713 719 853 784 barbare

185 817 381 880 Laedcntem
396 819 524 894 oscula,
540 837 616 900 quae
632 817 750 881 Venus

144 934 148 940 ·
228 915 359 993 Quinta
373 925 468 999 parte
483 918 537 980 sui
553 920 693 982 nectaris
707 921 834 985 imbuit.

185 1016 316 1080 Felices
332 1024 382 1079 ter
396 1022 430 1080 et
445 1018 600 1099 ampliuS,

227 1114 323 1192 Quos
338 1117 462 1199 irrupta
478 1123 563 1179 tenet
578 1116 711 1198 copula,
728 1121 900 1183 neamalis

186 1215 353 1281 Divulsus
369 1217 582 1298 querimoniis

228 1316 391 1398 Suprema
407 1318 508 1380 citius
524 1319 633 1382 solvet
647 1339 741 1382 amor
756 1319 821 1382 die.
1102 1317 1146 1379 ‘20

56 1502 188 1550 cicatricem
195 1499 285 1547 labellis
295 1502 344 1548 tuic
354 1503 519 1550 dealeimusil.
556 1504 578 1549 0
589 1504 676 1552 simili
681 1512 718 1554 sal
727 1509 852 1561 auscultes,
861 1522 889 1554 stc
898 1511 994 1568 capccla
1005 1508 1146 1553 carnariam

55 1579 107 1611 cam
116 1565 168 1617 sore
178 1565 217 1623 qui
236 1563 370 1611 immaniter
380 1567 487 1613 vnlamal
505 1565 572 1613 lmsia
581 1568 824 1631 annumerantibus
839 1572 935 1618 iadalcit
952 1570 1028 1618 Vemcs
1039 1569 1146 1629 quintam

55 1643 106 1673 auec
116 1626 244 1672 dulcedinis
258 1629 366 1684 gradum.
404 1630 427 1675 Ο
446 1634 482 1675 ter·
493 1633 516 1675 cl
534 1630 587 1690 plus
607 1631 677 1686 beuti.
689 1647 745 1692 quat
763 1635 835 1680 acciit
852 1633 945 1681 stabilis
955 1633 1094 1691 conjunctio,
1104 1645 1146 1678 ttcc

58 1703 124 1735 amor
139 1688 251 1749 improbis
259 1691 359 1748 querelis
367 1691 458 1738 divisus
467 1693 586 1752 separabit
592 1698 647 1741 attic
657 1695 718 1742 diem
730 1696 844 1743 ultimam.

508 1810 688 1831 nuennou

56 1889 79 1932 d.
101 1885 152 1932 dno
173 1885 262 1934 Lamb.
286 1887 361 1934 Fran.
382 1888 451 1949 Lipr.
474 1889 534 1951 duo,
555 1899 583 1941 ct
599 1893 654 1942 nu.
678 1900 701 1943 l.
721 1894 1148 1954 andbc.—ttlmcher.81›mac.-

58 1953 89 1996 lb
106 1948 198 2002 Quarta
207 1954 275 2009 parte
284 1951 390 1999 Mantel.
410 1951 505 2006 Quanta
516 1957 604 2015 parte!
620 1958 687 2020 conj.
708 1959 822 2005 Ramirec
839 1958 872 2005 de
890 1958 983 2018 Prsdo,
1003 1957 1147 2004 Pentecon·

58 2012 139 2059 tarch.
151 2026 207 2070 cap.
219 2017 258 2058 bi.
270 2014 336 2074 quod
349 2024 502 2076 receperunt
514 2017 615 2066 Tslbot.
626 2028 652 2067 ot
665 2021 805 2069 Pina-to
822 2022 934 2068 Dioulsot
948 2021 1005 2067 dun
1018 2019 1076 2067 edd.
1089 2021 1148 2067 Mu·

56 2075 107 2121 reti
118 2082 145 2122 et
156 2075 262 2123 totidem
275 2076 357 2137 Bruti,
369 2086 397 2125 ut
409 2078 477 2140 conj.
491 2081 577 2129 Bentl.
593 2083 748 2145 Dicolcusquc
756 2085 914 2146 prementibus
926 2085 997 2133 Harl.
1011 2088 1033 2131 1.

550 2222 656 2273 NOTAE

89 2327 119 2371 li
137 2323 194 2370 Sine
203 2325 359 2385 paciferam,
371 2327 424 2389 tyn]
438 2325 496 2373 Sive
506 2328 582 2375 Tete-
623 2321 719 2368 triavia.
754 2324 791 2370 Eo
804 2321 858 2369 sere
869 2321 945 2368 modo
963 2320 1031 2380 spttd
1050 2319 1146 2368 Atlten.

56 2398 120 2459 plius
130 2395 265 2446 effraenata
276 2408 300 2446 et
315 2401 449 2460 impotenti
458 2401 580 2462 abreptae
622 2409 653 2442 11·
663 2401 687 2444 ἓ.
699 2397 746 2443 sub
758 2397 844 2455 finem,
855 2395 958 2456 Ibycum
975 2403 1001 2441 ¹¹1
1018 2393 1146 2452 signifieat

57 2471 171 2525 libidine,
184 2487 213 2519 ac
231 2488 309 2534 prope
322 2473 432 2520 furiosus
445 2475 580 2522 momordit
622 2471 670 2517 mel
682 2485 737 2517 esce
748 2470 931 2525 dulcissimum,
940 2470 984 2528 ait,
995 2469 1043 2514 mel
1053 2483 1145 2515 nonam

57 2547 124 2594 labia
137 2556 189 2605 tua,
208 2547 239 2593 ad
258 2548 449 2610 relinquendam
468 2550 580 2610 qualem·
621 2559 676 2592 este
690 2553 786 2607 partem
799 2546 948 2601 ambrosian
975 2545 998 2590 id
1011 2552 1060 2597 ost,
1070 2544 1146 2590 lrabe-

57 2637 164 2685 cnmque
188 2625 225 2669 sui
253 2624 407 2682 memoriam,
432 2624 456 2669 in
483 2625 580 2672 crudeli
622 2636 751 2668 renonum
764 2631 862 2683 partem
880 2621 1012 2668 attavitatis
1033 2634 1089 2681 qum
1108 2629 1148 2666 cst

55 2698 133 2744 etiam
146 2698 275 2745 cicatrice.
289 2699 342 2745 Cic.
360 2700 384 2744 in
398 2700 504 2746 Verrem
518 2700 577 2748 Act.
622 2696 645 2740 ln
656 2697 790 2742 ambrosia·

56 2783 106 2819 vu.
117 2785 140 2816 n.
149 2775 189 2818 32.
206 2772 392 2819 ‘Metuendum
402 2806 408 2818 .
420 2808 425 2821 .
436 2807 442 2820 .
454 2808 460 2821 .
471 2789 502 2820 ue
513 2776 581 2822 exci—
655 2775 682 2817 tt
705 2772 791 2818 Felices
802 2778 847 2830 ter,
857 2771 908 2832 irc]
921 2771 961 2817 Sic
971 2769 1079 2831 deniqne
1092 2779 1146 2816 ten·

57 2853 127 2889 tetur
135 2845 237 2901 Verres,
246 2860 277 2892 ne
288 2847 455 2893 denudetur·
466 2858 580 2909 pretore,
622 2851 660 2892 tat
673 2846 796 2893 Horatius
813 2859 961 2907 expugnare
979 2844 1065 2904 Lydia
1079 2858 1147 2888 arno·

56 2931 89 2963 nc
108 2917 223 2977 Populus
243 2922 370 2967 Romanus
389 2923 497 2982 aspiciat
513 2924 580 2969 oica.
622 2932 684 2974 rem,
698 2920 786 2965 dicens
801 2922 876 2979 longe
888 2919 1028 2965 feliciorem
1042 2930 1094 2959 eam
1108 2916 1145 2960 i'o·

56 2992 136 3037 tricet
157 3006 190 3038 ex
209 2994 342 3042 mulierum
362 3011 456 3055 morsu,
473 2998 580 3059 vestigia
621 3007 658 3052 re,
670 2994 690 3039 si
703 3008 730 3039 ce
744 2994 877 3039 Horatium
890 3001 1038 3038 constanter
1050 2996 1146 3035 amatu-

56 3066 168 3113 libidiuie
182 3076 257 3129 atque
272 3071 411 3131 nequitiae!
621 3081 675 3113 tum
695 3066 817 3127 praeierat
832 3066 954 3126 Telepho,
972 3078 1039 3110 nunc
1055 3064 1146 3109 arden-

90 3146 119 3187 13
139 3143 191 3188 Non
208 3143 293 3203 Sperat
309 3147 456 3208 perpetuum]
475 3148 502 3193 st
522 3148 580 3194 milti
623 3142 785 3204 terquitiem,
796 3142 839 3190 sed
853 3141 883 3188 ad
898 3152 998 3200 teinpus
1011 3138 1147 3195 duntaxat,

57 3216 149 3274 credis,
162 3218 252 3277 Lydia,
265 3234 295 3264 ne
305 3229 457 3279 perpetuum
467 3224 503 3269 tui
515 3238 581 3270 anta·
622 3217 725 3264 amanti.

57 3298 137 3336 torem
152 3306 224 3350 spera
237 3293 306 3337 iilum
319 3291 384 3350 ferro,
395 3297 436 3355 qui
450 3298 486 3343 sic
500 3298 581 3345 abuti·
657 3299 685 3340 tu
704 3294 778 3340 Malis
790 3294 901 3340 Dirulstu
911 3288 1071 3352 querimoniis]
1099 3289 1147 3334 Bo·

57 3372 100 3411 tttr
117 3378 201 3410 amora
215 3373 268 3421 tuo,
282 3373 309 3410 ut
326 3368 464 3414 osculando
478 3374 582 3419 vulnera
623 3381 661 3413 na*
674 3377 732 3413 suut
746 3369 769 3411 iu
783 3381 866 3411 autore
879 3365 1042 3426 querimonia
1056 3365 1088 3409 nb
1104 3363 1148 3408 ab·

56 3437 243 3499 infligatoestro
263 3438 471 3498 velutpercitut.
506 3445 581 3504 Nam,
623 3439 781 3495 cantianam>
801 3439 973 3495 desidentium
998 3441 1146 3485 malaciam

57 3522 86 3559 ut
107 3514 185 3572 aiunt,
206 3514 295 3558 ‘omne
318 3512 454 3560 violentum
474 3529 522 3560 non
542 3526 582 3563 est
624 3513 656 3555 ob
669 3513 874 3565 inconstantiam,
887 3515 1104 3570 nuttationem‚ac
1118 3511 1146 3556 fi-

57 3585 192 3633 durubile.’
622 3585 678 3630 dem
692 3584 809 3634 fractam.

91 3667 121 3708 lo
139 3662 229 3715 Quinta
238 3667 306 3722 parte
317 3662 353 3708 aui
369 3664 481 3725 nectaris]
501 3663 581 3711 Missa
654 3667 685 3709 20
703 3661 813 3723 Supretua
827 3664 898 3711 cilina
913 3665 994 3721 coluri,
1008 3660 1060 3722 bc]
1087 3661 1143 3706 Non

58 3737 167 3794 plurium
179 3738 393 3798 interpretatione
406 3738 429 3784 in
449 3739 543 3798 putidis
556 3746 581 3786 ct
622 3748 681 3785 aute
694 3739 805 3785 desinant
819 3750 843 3786 te
856 3754 950 3800 aurare,
968 3739 1053 3799 Lydia,
1067 3735 1086 3777 ti
1105 3747 1144 3777 ute

58 3812 182 3856 obseoenis
203 3814 258 3872 plus
279 3827 351 3873 aequo
374 3814 511 3875 sagacium,
534 3827 581 3874 ego
622 3828 698 3873 ames,
720 3829 793 3874 quatu
819 3815 919 3861 desiero
948 3815 1042 3864 vivere,
1064 3808 1145 3867 inquit

58 3887 493 3948 campaneissentimetmmtaqaae
506 3889 581 3936 Venus
622 3888 760 3934 Horatius:
786 3889 871 3947 inimo,
887 3897 915 3934 nt
931 3883 1069 3943 aitipseiu
1088 3896 1144 3939 por·

58 3955 138 4014 qttlnlu
154 3967 220 4015 uarie
231 3963 267 4007 sui
279 3963 469 4009 ueclurt‘aimbuil
488 3964 579 4011 iutelli-
621 3977 682 4009 nona
695 3962 793 4023 Lydiae,
813 3976 854 4008 tu.
875 3960 924 4007 ud.
943 3963 965 4003 9.
985 3956 1095 4001 ‘Tecum
1110 3957 1144 4001 vi-

60 4042 91 4089 go
111 4029 184 4074 valde
205 4033 354 4095 fragrantia,
371 4038 481 4086 nectaria
501 4040 580 4086 instar
622 4052 680 4085 vere
693 4052 782 4097 ament,
796 4046 879 4085 tecum
892 4034 981 4081 obeam
994 4031 1093 4077 libens!
