2408 4200
409 285 443 343 Q.
467 281 624 330 nouarrr
650 280 781 333 rancor

222 422 340 499 Grato,
357 422 496 506 Pyrrha,
512 424 574 485 sub
589 424 709 485 antrat

266 523 328 584 Cui
342 523 461 585 flavam
477 524 595 604 religas
609 540 738 585 comam

180 621 333 701 Simplex
348 623 544 686 munditiisl
591 621 669 682 Heu
682 620 812 700 quoties
826 619 923 683 fidem
1115 625 1136 685 5

181 709 398 801 Mutatosque
414 719 506 783 Deos
521 720 624 796 tlabit,
640 726 673 781 et
686 738 807 799 aspera

223 819 338 896 Nigris
352 838 488 900 aeqnora
502 819 608 882 ventis

265 917 464 981 Emirabitur
478 917 635 993 insolens,

181 1018 251 1094 Qui
265 1037 350 1080 nunc
366 1025 396 1080 te
411 1018 528 1081 fruitur
543 1018 695 1081 credulus
712 1039 828 1097 anrea;

181 1115 250 1192 Qui
265 1137 396 1198 semper
410 1138 563 1194 vacuam,
580 1138 709 1199 semper
723 1121 897 1182 amabilem

223 1215 354 1297 Sperat,
371 1220 502 1280 nescius
519 1237 609 1281 aurae

266 1316 432 1380 Fallacia!
462 1318 580 1379 Miseri
595 1318 719 1399 quibus

53 1486 106 1544 rita,
118 1489 202 1535 multas
212 1488 274 1535 iuter
285 1504 347 1537 rosas
357 1490 399 1538 sui
405 1489 510 1547 jacenda
519 1495 604 1548 specu?
639 1488 712 1548 Cuius
720 1489 883 1549 gratiassaoos
892 1489 968 1535 crines
978 1487 1036 1532 sodo
1046 1483 1137 1540 colligis

53 1557 136 1596 oruata
145 1553 258 1611 simplest
291 1553 356 1599 Eitea
365 1555 453 1614 quoties
462 1552 589 1612 deplorabit
600 1552 709 1598 violatum
719 1570 733 1598 a
745 1552 852 1613 tefidem,
860 1552 966 1610 Deosque
974 1551 1139 1603 inconstantes,

52 1616 74 1654 et
86 1627 131 1657 noa
141 1619 246 1659 assuetas
256 1616 356 1674 stupebit
367 1631 430 1662 utare
438 1629 523 1662 aarum
531 1615 592 1661 atria
600 1616 716 1674 procellis,
727 1620 766 1675 qui
781 1621 804 1661 te
816 1629 876 1660 nuuc
886 1614 981 1660 amabili
989 1614 1089 1671 potitur,
1094 1609 1137 1665 sa·

52 1673 95 1719 cite
106 1675 204 1736 confisus
214 1680 237 1723 te
243 1677 299 1732 sore
314 1692 403 1737 semper
413 1683 541 1738 meantem,
557 1691 645 1738 semper
659 1683 764 1737 vuum,
781 1678 893 1736 ignaram
909 1680 988 1722 ventos
999 1669 1138 1720 instabiles!

504 1796 681 1818 ΟΜ,

53 1875 111 1922 dam
132 1879 206 1925 malle
225 1880 261 1928 ait
280 1880 434 1929 Chabon-4
453 1881 498 1930 Cui
504 1881 585 1943 stanna
595 1896 616 1926 r.
627 1894 702 1928 comas
718 1880 800 1928 codex
820 1881 919 1926 Bersm.
939 1883 966 1924 et
985 1877 1060 1924 Dens.
1079 1878 1137 1947 ²5-

52 1944 67 1983 6
86 1940 140 1986 Heu
152 1943 256 2002 quotieas
268 1950 319 1990 tres
331 1944 405 1992 codd.
417 1944 628 1991 Burmanni-6
644 1944 808 2004 Mucianusque
819 1944 894 1989 Deis.
902 1946 926 1988 2.
943 1946 969 1988 iii
980 1954 1061 1999 aspera
1070 1951 1135 1998 conj.

53 2002 161 2062 Cuning.
182 2014 210 2052 ut
227 2008 380 2055 exclamatio
393 2007 485 2055 sit—8
504 2008 537 2053 Et
552 2005 677 2053 mirabitur
691 2008 779 2064 Regin.
798 2007 858 2053 Vet.
877 2006 968 2052 Comb.
987 2011 1014 2049 et
1031 2003 1136 2048 Veneti.

54 2066 123 2114 1477.
143 2071 213 2115 1478.
231 2073 303 2117 1479.
321 2072 387 2116 unde
405 2070 492 2117 Bentl.
510 2070 576 2129 conj.
596 2070 629 2115 Ut
649 2070 792 2124 mir-abitare
821 2068 930 2129 Argent.
952 2066 1046 2114 Donati
1065 2068 1136 2111 1503.

53 2127 243 2186 Etuiutoditur‚·
271 2133 303 2179 al·
315 2147 357 2192 ap.
368 2135 478 2195 Cuning.
491 2132 548 2180 Heu
563 2131 706 2187 mirabitur5
735 2133 784 2191 uel,
802 2132 864 2179 Hem
885 2130 1025 2183 mirabilia,-
1051 2127 1136 2173 Bentl.

54 2191 122 2252 conj.
134 2193 220 2254 etiam,
230 2196 409 2251 Demiraliitm
427 2198 507 2243 Witlr.
519 2197 596 2250 Quam
607 2196 740 2251 mirabitur,
758 2195 796 2242 vel
809 2193 996 2247 unammiter,-
1012 2191 1136 2250 Scaliger.

53 2251 129 2302 Poet.
141 2270 179 2304 vr.
191 2262 215 2304 7.
234 2259 406 2308 Detestabitur.
440 2260 538 2307 Omnes
555 2258 597 2304 alii
613 2258 690 2305 codd.
708 2271 800 2317 magno
816 2270 937 2303 consensu
949 2254 1137 2301 limitatum.—

541 2381 648 2428 NOTAE

86 2475 199 2534 Gracilis]
212 2476 385 2534 Tenuior,non
398 2478 496 2524 obesus.
514 2476 575 2523 (lal-
616 2477 736 2536 pidinear,
747 2482 822 2523 antea
838 2474 964 2533 faventes,
977 2475 1135 2535 postmodum

51 2547 109 2606 lice,
121 2551 148 2593 de
159 2548 215 2594 belle
231 2551 303 2596 tuille.
336 2552 441 2596 'l‘erent.
461 2550 576 2609 Eunuch,
613 2565 675 2597 vero
687 2550 834 2597 contrarios.

53 2622 113 2668 Act.
125 2635 156 2667 rt.
168 2623 243 2670 Scan.
253 2628 278 2669 3.
300 2624 393 2670 ‘Hand
406 2626 493 2671 similis
506 2625 575 2685 virgo
649 2625 740 2686 Aspera
753 2625 841 2683 Nigris
851 2637 951 2684 aptiora,
963 2623 1015 2682 ilo]
1034 2623 1135 2685 Allego·

53 2706 93 2742 est
105 2696 229 2757 virgiuum
241 2706 464 2762 nostrartrm‚qnas
479 2708 573 2748 matres
616 2700 677 2745 riam
701 2699 808 2746 adverte
832 2699 1017 2760 perpulchram.
1050 2700 1135 2746 Plant.

51 2768 155 2816 student
166 2771 289 2818 Demissis
298 2772 407 2820 humeris
416 2790 481 2833 esse,
490 2776 573 2822 vincto
615 2775 721 2821 ‘mulier
739 2787 808 2820 mare
827 2772 993 2820 acerrimum!
1025 2774 1098 2820 Sicut
1109 2775 1135 2820 in

51 2851 166 2903 pectore,
179 2852 207 2890 ut
219 2847 325 2904 graciles
338 2848 413 2894 sient.
441 2850 468 2895 Si
477 2859 573 2912 qrraest
614 2851 676 2895 mari
688 2859 789 2908 ventus,
798 2850 833 2896 ita
845 2863 913 2910 saepe
923 2848 1030 2895 natantis
1039 2849 1134 2895 aninum

50 2918 161 2965 habitior
179 2921 263 2980 panto,
281 2924 391 2984 pugilem
410 2938 464 2971 esse
484 2926 571 2983 aiuut;
613 2924 753 2985 derepente
766 2933 885 2971 unitatur.

50 2993 180 3042 deducunt
194 2996 286 3042 cibum.
317 2999 430 3046 'tametsi
449 2999 515 3046 bona
533 3009 573 3046 est
644 3003 659 3045 8
678 2999 835 3060 Emirabitur]
853 2999 947 3046 Vocem
964 2998 1029 3043 hauc
1048 3009 1134 3055 repre·

50 3075 149 3127 natura,
162 3070 273 3117 reddunt
285 3074 535 3135 crrraturajunceas.’
612 3073 699 3120 lremiit
713 3075 825 3134 graviter·
836 3074 960 3134 Scaliger,
973 3072 1021 3119 levi
1036 3069 1135 3132 prosec-

81 3148 95 3189 a
115 3144 218 3205 Pyrrha]
236 3146 363 3194 Meretrix
373 3147 492 3196 formosa.
612 3159 638 3198 to
650 3150 755 3197 ratione.

82 3221 131 3266 Sui
141 3220 220 3280 antro]
237 3221 289 3268 Sub
301 3221 408 3270 fornice.
645 3223 760 3284 lmoieus]
779 3224 907 3271 lusnetus.
920 3223 1003 3270 Cicer.
1016 3221 1048 3268 de
1060 3222 1137 3269 Orat.

81 3294 160 3340 aeut
164 3296 254 3356 flavam
265 3296 360 3355 religas,
372 3297 424 3356 tle]
453 3299 572 3345 Exmore
612 3315 630 3347 r.
656 3303 715 3348 ‘Ea
736 3302 899 3362 requiruntur
921 3315 935 3344 a
958 3312 1007 3355 me,
1028 3312 1135 3359 quorum

50 3368 189 3426 puellarum
204 3368 379 3415 Lacaenarum.
401 3370 465 3416 Vide
478 3384 508 3418 rt.
521 3372 572 3420 Od.
612 3377 658 3421 sim
672 3376 782 3422 insolens
792 3386 819 3421 et
831 3372 950 3431 ignarus!
969 3374 1055 3418 Caesar
1069 3373 1135 3419 Bell.

50 3446 88 3487 ll.
101 3444 125 3488 in
139 3440 197 3487 tine.
612 3449 686 3493 Civil.
700 3448 742 3493 lib.
757 3461 788 3492 11.
811 3448 890 3493 ‘Erat
906 3448 929 3492 in
943 3448 1037 3508 oppido
1053 3449 1136 3494 multi·

81 3523 94 3561 5
106 3516 211 3574 Simplex
221 3516 354 3574 munditiis]
367 3517 456 3562 Vestes
470 3523 518 3563 non
528 3519 571 3564 ha-
612 3519 674 3567 tudo
687 3522 796 3565 insolens
810 3520 877 3578 belli,
893 3519 1061 3567 diuturnitate
1075 3519 1137 3566 otii!

49 3590 194 3635 bensniinis
205 3591 345 3649 exquisitas
358 3590 572 3651 atrtmagrriticas:
643 3600 658 3640 n
686 3594 776 3654 Aurea]
805 3595 923 3641 Pretiosa
946 3597 1135 3652 seminarum,

48 3668 102 3711 sine
113 3665 205 3711 inundo
215 3666 340 3711 muliebri.
351 3667 459 3713 Terent.
469 3668 569 3715 Plrorm.
611 3683 681 3727 caro,
692 3669 807 3731 optabili.

51 3753 67 3784 r.
78 3745 101 3784 2.
111 3745 149 3786 nl.
169 3744 175 3766 ‘
186 3741 264 3799 Virgo
275 3742 387 3801 prdclrra,
398 3749 480 3802 eiquo
493 3745 572 3802 magis
646 3751 676 3792 10
694 3747 902 3807 Semperrucuam]
930 3746 1001 3793 Alios
1011 3751 1134 3791 curatores

49 3812 156 3866 diceres,
181 3814 250 3858 Nihil
274 3815 362 3859 aderat
381 3816 518 3874 arljumenti
541 3817 572 3862 ad
614 3822 818 3867 noirlralrentem.

50 3887 451 3961 pulclrritruliuein.....vestitns
475 3890 573 3953 trrrpis,’
647 3900 672 3940 ll
695 3897 792 3941 Nescius
807 3912 871 3942 auru
886 3895 995 3952 litliacis]
1016 3890 1134 3938 Nondum

49 3963 96 4004 Str.
614 3971 697 4010 sciens
718 3986 791 4010 arram
815 3970 905 4010 erebra
926 3967 975 4011 sint
996 3966 1134 4010 amantium
