2408 4200
384 250 590 300 csnurrruu
616 247 689 297 mn.
713 248 763 296 ιν.
784 231 818 296 t.

224 395 317 473 Quid
336 393 470 469 debeas,
485 412 506 456 ο
521 392 643 467 Roma,
661 389 859 467 Neronibus,

224 495 337 558 Testis
353 493 540 557 Metaurum
553 492 675 554 flumen
690 497 723 554 et
742 490 932 555 Hasdrubal

268 595 441 668 Devictus,
455 597 489 656 et
503 592 639 674 pulcher
651 592 774 672 fugatis

312 695 374 758 llle
388 693 461 757 dies
472 693 572 756 Latio
587 691 740 769 tenebris,

229 793 297 872 Qui
312 795 438 876 primus
454 794 543 857 alma
553 793 627 856 risit
639 792 773 868 adorea,

58 983 191 1030 bonitatem.
226 984 249 1031 0
263 983 347 1039 Romo,
359 986 471 1045 quantum
481 980 563 1028 debeas
580 978 714 1028 Neronibus
732 983 849 1028 testantur
860 979 984 1027 Metaurus
999 976 1099 1039 flaons,
1110 980 1147 1022 at-

58 1061 102 1106 que
114 1045 249 1095 Hasdrubal
255 1045 408 1109 profligatus,
416 1050 439 1093 et
446 1046 497 1092 dies
506 1044 545 1092 ille
557 1043 638 1091 ltalia
646 1043 748 1103 caligine
758 1045 854 1104 depulsa
865 1045 945 1103 lctus,
955 1041 995 1103 qui
1003 1042 1091 1102 primus
1100 1039 1147 1085 oic-

513 1168 691 1188 autumo

60 1251 95 1300 tio
115 1251 278 1302 manifestum
300 1251 445 1314 glossemn.'
462 1253 594 1300 dani-ti
613 1253 681 1306 Quod
700 1251 781 1300 debeas
797 1248 1008 1298 Harmina-as
1025 1247 1150 1294 Metaurus

60 1317 130 1378 Lips.
141 1322 165 1365 3.
191 1317 310 1365 Asdrubal
322 1318 347 1364 in
360 1317 444 1378 rulgg.
456 1316 502 1363 sed
522 1316 659 1363 Hasdrubal
669 1315 842 1362 scribendum.
876 1313 943 1359 Vide
960 1309 1095 1368 Drakenb.
1116 1307 1149 1354 ad

59 1380 105 1427 Sil.
118 1394 135 1428 r.
145 1384 185 1428 39.
203 1381 296 1430 Cellas.
308 1381 430 1440 Orthogr.
443 1379 500 1427 Lat.
510 1378 551 1427 cd.
563 1379 665 1426 Harles.
675 1385 736 1425 tour.
749 1392 768 1424 1.
781 1392 806 1439 p.
820 1379 940 1424 loth—39
953 1373 1065 1420 Reoistus
1075 1372 1148 1419 Men·

60 1443 167 1492 tel-ll
188 1442 239 1491 Alt.
253 1448 275 1490 l.
285 1444 347 1506 cibo,
358 1458 415 1492 cum
428 1443 502 1504 gloss.
513 1443 647 1490 atma.-ta
664 1442 747 1490 Durus
764 1439 877 1489 nonnulli
887 1437 1022 1487 Torrentii.
1034 1437 1054 1483 it
1067 1438 1150 1498 prout

551 1573 656 1624 NO‘l'lE

94 1674 125 1719 st
144 1669 209 1724 Quid
218 1671 333 1727 debeone
348 1671 432 1733 Roma,
441 1670 586 1732 Neronibus]
626 1670 701 1719 Livio
712 1671 867 1720 Salinatore.

60 1745 166 1794 Scilicet
188 1745 329 1794 ‘Claudius
354 1747 426 1795 Nero
448 1746 585 1795 advenies·
658 1746 796 1795 Hasdrubal
821 1741 951 1802 Devictus]
982 1741 1009 1788 Is
1032 1740 1151 1788 nimirum

63 1829 114 1868 tem
125 1832 157 1866 ex
169 1819 292 1883 Hispania
308 1836 365 1870 cum
387 1822 531 1883 ingentibus
543 1836 585 1870 co·
626 1824 670 1886 qrti
688 1825 822 1884 Scipiones
842 1824 867 1868 in
891 1820 1017 1881 Hispania
1035 1817 1152 1878 profliga-

62 1898 111 1959 piis
122 1897 318 1956 Hasdrubalem,
328 1896 473 1959 priusquam
487 1894 585 1940 Hanni·
629 1902 678 1941 rat.

61 1971 111 2020 bali
124 1970 197 2019 fratri
214 1973 424 2033 conjungeretur,
439 1962 587 2026 oppressit!
659 1969 691 2012 89
709 1966 809 2013 Pulcher
822 1965 919 2026 jugatis
940 1965 985 2013 Ille
1007 1965 1056 2012 dies
1082 1965 1152 2012 Latio

61 2046 166 2094 Sueten.
176 2047 361 2102 Tiber.cap.t.
371 2038 589 2100 Opportuneqni·

63 2120 138 2166 dein:
165 2133 223 2165 nam
243 2122 328 2163 actum
351 2120 408 2161 crat
426 2112 458 2159 de
475 2111 588 2174 Imperio

64 2192 186 2248 Romano,
210 2189 231 2237 sl
254 2203 312 2237 cum
339 2187 485 2235 Hannibale
508 2185 589 2234 fratre

62 2280 155 2315 nouum
173 2279 204 2312 ac
222 2264 348 2326 integmm
366 2263 509 2311 exercitum
521 2261 588 2310 llas·

64 2340 156 2389 drubal
163 2339 300 2402 junxisset.

97 2414 175 2476 Nero]
192 2413 289 2462 Sabina
301 2426 358 2475 vor,
366 2410 511 2476 significans
524 2417 588 2460 stre·

64 2505 141 2539 nuum
152 2504 182 2537 ac
193 2487 295 2537 fortem.

96 2569 128 2613 38
146 2566 279 2612 Metaurum
285 2563 387 2625 flamen,
395 2564 449 2626 bu]
460 2564 518 2613 lloc
527 2563 589 2611 Um·

65 2639 128 2685 briae
145 2636 249 2696 flumen,
269 2637 344 2685 hodie
358 2638 446 2699 Metro,
457 2638 552 2685 labitur
564 2637 590 2684 in

67 2711 230 2760 Adriaticum
254 2725 333 2757 mare.
360 2711 453 2759 Strabo
481 2711 526 2759 lib.
553 2722 590 2756 vt.

65 2786 133 2834 Pliu.
147 2784 190 2832 tib.
202 2797 244 2831 ιιι.
263 2783 315 2831 illic
331 2797 390 2831 rura
403 2784 493 2831 Claud.
511 2785 592 2844 Nero,

68 2859 172 2916 Consul,
184 2858 284 2919 junctis
299 2858 418 2905 celeriter
434 2859 515 2918 copiis
535 2872 593 2906 cnm

68 2949 115 2982 suo
134 2934 232 2995 collega
244 2932 282 2980 M.
296 2932 367 2980 Liuio
385 2932 535 2992 Salinatore,
547 2932 595 2979 isit

67 3010 168 3060 obviam
181 3007 346 3069 Hasdrubali,
357 3022 414 3056 curn
426 3007 538 3055 millibus
551 3007 595 3055 ho-

68 3087 163 3134 miuum
176 3084 363 3147 quinquaginta
377 3098 422 3131 sex
435 3082 594 3143 adventanti,

68 3168 98 3206 ut
115 3161 211 3207 dictum
229 3166 277 3214 est,
295 3173 325 3208 ac
343 3158 450 3220 devicit,
467 3173 508 3206 an.
520 3158 552 3207 U.
564 3159 594 3207 C.

69 3237 125 3281 546.
133 3233 240 3294 ejusque
249 3241 328 3296 caput
338 3234 471 3296 praecisum
481 3233 513 3281 ad
523 3233 595 3281 Han·

69 3306 158 3355 nibalis
177 3312 262 3353 castra
280 3308 406 3369 perlatum
425 3313 452 3356 et
468 3307 501 3355 ad
513 3306 592 3370 pedes

69 3396 128 3430 cum
140 3389 209 3428 esset
222 3380 374 3441 projectum,
387 3384 452 3431 hunc
465 3389 538 3429 tanto
550 3397 593 3444 pa·

70 3471 131 3505 rore
139 3471 168 3504 ac
178 3460 282 3516 stupore
294 3458 429 3516 concussit,
441 3464 469 3503 ut
484 3456 594 3504 intelici-

71 3542 151 3580 tatem
173 3530 335 3591 Carthaginis
360 3544 500 3592 agnoscens
524 3531 594 3578 incn-

72 3620 178 3669 sansque
199 3606 230 3654 de
252 3605 313 3668 suga
338 3605 461 3665 deinceps
486 3611 596 3653 tantum·

72 3681 147 3728 ruodo
167 3681 328 3741 cogitaverit.
352 3680 411 3729 Vol.
427 3681 498 3728 Max.
515 3694 552 3728 ιν.
572 3685 596 3730 l.

73 3754 150 3802 Oros.
162 3768 200 3801 rr.
211 3759 251 3804 ts.
268 3756 323 3803 Lis.
332 3754 377 3803 lib.
391 3767 482 3802 xxvrr.
493 3767 595 3803 xxvrrr.

75 3827 141 3874 Flor.
153 3841 183 3874 ιι.
194 3833 219 3876 n.
231 3833 279 3876 &c
309 3829 423 3883 Adverte
444 3829 553 3877 Drusum
565 3843 595 3878 sc

73 3899 202 3946 Tiberium
222 3903 342 3951 oriundus
360 3904 392 3950 ab
410 3905 459 3951 illis
481 3904 598 3952 Consuli-

74 3975 138 4033 bns;
159 3981 185 4021 et
206 3983 338 4034 paternum
360 3990 438 4038 genus
457 3979 560 4026 diruisse
581 3995 597 4026 a

77 4050 182 4100 Claudio
201 4049 312 4109 Nerone,
329 4059 472 4099 maternum
488 4058 572 4101 autern
584 4068 599 4098 a

628 2038 742 2103 tenebris]
759 2041 813 2088 Lis.
825 2053 926 2088 xxurrr.
936 2043 961 2088 9.
978 2038 985 2064 ‘
1000 2038 1078 2087 Omni
1091 2039 1153 2086 mul·

630 2114 739 2162 titudine
759 2114 857 2163 obviam
877 2113 955 2163 effusa
967 2146 973 2160 .
985 2148 992 2162 .
1005 2147 1011 2159 .
1022 2128 1072 2160 nun
1086 2115 1153 2161 salu-

629 2189 720 2238 tabant
747 2190 822 2238 modo
850 2189 963 2237 universi
992 2187 1154 2248 circumfnri‚’

628 2264 1155 2330 (circaClaudiumetSalinatoremCoss.)

629 2341 725 2389 ‘sedet
735 2342 884 2403 contingere
894 2355 940 2403 pro
952 2354 978 2387 se
988 2341 1093 2403 quisque
1103 2341 1155 2387 vic-

629 2416 707 2464 trices
726 2416 831 2463 dextras
850 2415 989 2464 Consulum
1012 2413 1154 2474 cupientes,

630 2490 673 2538 alii
693 2491 895 2552 gratulabantur,
916 2490 959 2536 alli
982 2489 1077 2548 gratias
1095 2502 1154 2549 age·

629 2564 702 2626 hant,
723 2565 790 2628 quod
812 2578 899 2613 eorum
921 2578 1002 2625 opera
1023 2563 1156 2611 incolumis

630 2641 872 2703 Respublicaesset.
890 2640 920 2687 ln
930 2638 1156 2701 Seuutnquoque,'

631 2718 680 2764 &c

663 2794 693 2837 ll
712 2790 816 2849 Adoren]
834 2790 960 2852 Victoria,
971 2790 1056 2849 laude,
1067 2788 1156 2850 gloria,

632 2863 701 2911 Fest.
720 2863 846 2910 Adoream
870 2863 970 2911 lartdem
988 2878 1032 2911 seu
1050 2863 1156 2924 gloriam

632 2935 763 2997 dicebant,
788 2937 846 2998 quia
868 2938 1006 2998 gloriosum
1030 2937 1157 2998 putabant

632 3025 689 3058 eum
701 3010 745 3073 qui
757 3009 831 3057 farris
842 3011 917 3071 copia
927 3009 1086 3056 abundaret:
1105 3024 1157 3056 me-

632 3086 680 3133 lius
692 3085 745 3145 alii,
756 3085 815 3147 quia
832 3085 944 3132 strenuis
963 3091 990 3130 et
1008 3084 1038 3130 iis
1052 3083 1094 3144 qui
1106 3081 1157 3129 scr-

633 3159 694 3208 titer
702 3154 1078 3207 dimicassentmilitibusiarris
1088 3169 1157 3204 men·

633 3247 692 3281 sura
709 3231 827 3280 distribui
848 3231 924 3280 solita
945 3236 1010 3279 erat.
1037 3229 1113 3278 Unde
1131 3236 1159 3277 et

633 3310 718 3356 adorea
737 3321 784 3369 pro
806 3305 881 3354 lande
901 3306 1002 3354 bellica.
1032 3306 1098 3354 Nam
1109 3303 1158 3354 dar

634 3397 679 3430 seu
691 3381 1059 3444 frumentumappellatumest
1068 3380 1160 3441 ‘ador,'

634 3455 831 3515 abedendo,uel
841 3455 982 3503 adurendo.
1000 3455 1086 3503 Plaut.
1099 3454 1158 3502 Am-

635 3530 714 3592 plritr.
727 3531 787 3577 Act.
800 3544 818 3577 ι.
844 3530 851 3556 ⁴
864 3529 914 3581 Qrti
928 3529 1008 3577 multu
1019 3528 1108 3592 praeda
1120 3534 1158 3575 ut·

635 3619 684 3667 que
703 3606 799 3652 adorea
821 3604 907 3653 affecit
927 3606 1063 3667 popnlares
1085 3607 1160 3650 srros.'

634 3679 831 3729 Pitumnus.
853 3681 860 3706 ‘
873 3681 988 3727 Gloriam
1001 3679 1110 3741 denique
1122 3679 1159 3739 ip·

635 3768 687 3802 sam
701 3753 800 3802 afarris
812 3754 906 3802 honore
918 3755 1037 3801 adoream
1048 3753 1159 3813 appella·

634 3828 714 3877 bant!
734 3829 857 3891 Apuleius
868 3829 911 3876 lll).
923 3841 964 3874 ιιι.
982 3827 1107 3873 ‘Possum
1127 3828 1158 3871 is-

635 3912 685 3953 tam
711 3907 813 3956 virtutis
842 3907 959 3954 adoream
988 3903 1048 3951 mihi
1073 3916 1159 3949 nurne-

635 3980 709 4028 rare!
