2408 4200
382 305 589 354 uutsutuuu
615 304 685 352 ata.
708 304 764 352 ιιι.
785 290 837 353 27.
1073 291 1138 355 515

222 447 413 526 Antequam
430 420 701 529 stantessrepetat
715 445 855 530 paludes

52 613 154 658 metam
163 621 241 669 augur
255 611 386 696 presidens
400 610 504 669 sutura?
529 612 671 674 Psiusqumu
685 614 777 662 arimin
789 614 876 676 pluuia
884 613 999 675 prosim
1008 612 1142 676 prenuntia

512 753 691 773 OOOOOONNJO

55 850 153 912 tiquiss.
171 851 248 912 Cruq.
264 849 417 912 (quanquam
436 863 493 897 cum
511 849 610 911 litura),
627 863 684 898 cum
702 864 847 911 superascr.
862 850 944 898 ‘alias
961 848 1033 910 quid,'
1051 848 1140 896 Lamb.

54 913 173 961 Torreat.
185 921 212 962 et
225 914 312 960 Bentl.
325 927 339 960 a
351 913 403 960 suis
414 913 490 961 codd.
502 914 637 962 Pulmsuni
649 914 783 962 Gemblac.
797 919 821 962 1.
840 928 905 962 ιιιιιιι
917 914 1017 961 Rerum.
1038 912 1108 972 Lips.
1122 917 1144 962 1.

56 979 81 1023 3.
94 977 203 1037 Frnneq.
213 977 325 1024 Helmst.
338 976 425 1024 Basill.
439 980 511 1025 1527.
523 981 562 1025 tl.
574 983 614 1025 55.
625 980 666 1025 80.
688 978 784 1026 Venet.
799 981 870 1027 istro.
899 977 995 1024 uluret.
1012 975 1046 1023 tl.
1055 975 1142 1037 steph.

56 1039 133 1087 Febr.
145 1040 235 1089 Heius.
246 1040 310 1087 Fab.
320 1040 399 1101 Rutg.
410 1040 498 1088 Burni.
510 1041 605 1089 Dacer.
616 1041 702 1088 Beutl.
712 1042 778 1089 Cun.
785 1041 845 1090 San.
854 1040 914 1090 Jon.
924 1040 1143 1088 ‘Praestatetiarn

56 1117 93 1150 aas
88 1102 135 1149 ad
147 1104 313 1164 senteutiam,
325 1116 357 1150 ex
370 1118 451 1165 eoque
463 1102 537 1151 facile
549 1112 643 1153 cetera
656 1104 794 1152 varietates
805 1113 878 1152 ortae
880 1104 966 1151 ’duni
1001 1103 1064 1150 Mox
1074 1117 1109 1148 us.
1122 1105 1146 1150 7.

56 1175 114 1240 post
133 1182 222 1230 auspex
240 1167 449 1228 interrogationis
469 1168 569 1229 siguum
589 1167 685 1215 babent
702 1167 810 1216 Ascens.
822 1168 910 1216 Bnaill.
924 1166 1012 1215 Lauri».
1023 1166 1081 1226 (sed
1096 1179 1146 1212 non

57 1230 163 1292 primus,
178 1239 207 1278 ut
218 1231 292 1278 'forr
303 1230 465 1293 crtuuuatur)
478 1231 556 1293 Cruq
576 1230 666 1279 Heius.
685 1230 762 1279 Fabr.
780 1232 869 1294 Steplt.
889 1231 952 1278 Fab.
972 1231 1049 1290 Rutg.
1069 1229 1145 1277 Baxt.

57 1292 138 1342 Gesn.
155 1295 237 1342 Zeuu.
254 1294 345 1342 Comb.
368 1293 452 1341 Bond.
474 1294 604 1342 Sebrercl.
624 1294 717 1356 Delpli.
736 1296 768 1342 al
812 1296 848 1342 At
867 1294 962 1343 undum
982 1307 1079 1340 comma
1102 1307 1147 1354 po·

57 1357 167 1405 nendum
190 1371 314 1405 censuere
337 1357 468 1405 Passerat
484 1357 768 1419 Mercuriusque
794 1355 964 1405 Tonantes
989 1357 1027 1404 sic
1051 1357 1147 1402 Dacer.

58 1419 137 1468 Zurls.
157 1422 210 1470 Des
199 1435 251 1482 p.r
269 1422 356 1469 Bentl.
377 1421 441 1469 Can.
461 1420 556 1469 Sanad.
571 1421 661 1471 loires
684 1421 754 1481 lani,
780 1421 894 1479 Francis,
917 1421 1022 1467 Mitsclr.
1042 1418 1147 1479 Bipout.

58 1484 167 1533 wetzel.
187 1436 287 1532 wilei.
305 1493 333 1533 et
351 1483 429 1538 Kidd.
463 1486 528 1533 ‘Est
545 1491 630 1532 autem
652 1492 679 1533 et
700 1499 798 1534 contrua
814 1483 976 1532 inserendum
1000 1493 1089 1549 post
1083 1483 1149 1530 time·

550 1629 656 1680 NOTAE

59 1723 118 1770 Nou
130 1728 170 1770 est
188 1723 254 1784 quod
272 1725 373 1772 timeam
387 1724 442 1783 tibi,
455 1725 580 1785 Galates;
622 1724 769 1787 disciplina,
802 1725 833 1772 ad
867 1724 1003 1772 Meridiem
1034 1721 1150 1770 conversi

58 1811 115 1846 cum
126 1797 195 1845 nullo
206 1797 239 1845 sis
251 1799 357 1846 crimine
366 1799 501 1860 obstricta,
511 1799 581 1849 felici
622 1815 696 1848 omen
708 1801 845 1862 capiebant
861 1808 888 1847 et
906 1800 1055 1860 auspicium.
1083 1797 1149 1844 vute

59 1873 128 1920 exitu
141 1879 169 1919 ut
179 1881 205 1921 ct
214 1875 327 1937 auspicio
337 1873 417 1922 fluent
428 1876 474 1922 tibi
485 1877 581 1922 omnia:
622 1876 731 1921 Varron.
754 1875 797 1921 lib.
819 1887 855 1920 vr.
877 1874 943 1921 Plin.
963 1886 993 1919 ιι.
1015 1877 1056 1919 ss.
1084 1872 1149 1920 Quae

57 1960 105 1995 nec
128 1961 177 1994 non
200 1945 310 1995 faustum
334 1948 380 1995 tibi
403 1948 538 2007 aligerium
555 1954 583 1994 et
623 1961 680 1995 cum
693 1948 728 1993 ita
748 1947 800 1994 siut
816 1954 888 1993 ortus
907 1947 973 1995 Solis
991 1954 1046 1994 erat
1063 1945 1098 1992 eis
1118 1948 1150 1992 ad

58 2036 105 2082 ego
116 2022 243 2084 precabor
258 2022 380 2080 navigare
398 2021 531 2079 cupienti:
550 2021 584 2066 sis
623 2020 725 2078 levam,
747 2033 854 2068 occasus
876 2021 907 2067 ad
930 2020 1064 2068 dextram:
1090 2034 1150 2082 ergo

59 2097 152 2158 ubique
166 2095 237 2143 felix.
271 2093 347 2144 Qtsod
363 2095 383 2140 si
396 2095 474 2142 liceat
486 2095 586 2156 aperire
626 2093 694 2156 quod
714 2108 773 2142 mox
786 2096 821 2143 ait
833 2096 967 2157 Horatius,
983 2097 1106 2144 ‘coruum
1119 2096 1150 2143 sb

59 2170 126 2232 qnod
140 2168 329 2227 aenti0‚mslim
341 2175 488 2226 certe‚cum
497 2168 589 2215 Erudi·
626 2175 684 2215 ortu
699 2167 766 2215 Solis
784 2169 914 2229 oscinem‚'
936 2172 1065 2219 sinistrum
1086 2169 1151 2218 inse-

61 2245 95 2290 tis
116 2242 252 2297 uastuullis,
271 2242 479 2304 interrogationis
500 2251 587 2290 uolam
624 2242 978 2304 lixqueauguriumdenotat.
995 2245 1071 2293 Adde
1083 2247 1151 2307 quod

61 2331 218 2381 expungere,
237 2326 273 2380 et,
297 2319 446 2366 continuato
468 2331 542 2366 sensu
564 2323 591 2365 et
627 2320 704 2380 vulgo
715 2318 873 2380 putabantur
885 2320 998 2380 auspiciu
1009 2321 1078 2368 corui
1090 2320 1152 2366 dex·

60 2394 189 2448 oratioue,
207 2393 319 2456 jungere
342 2408 399 2442 cusu
422 2394 588 2456 sequentibus
628 2395 660 2443 tri
683 2392 776 2451 inusta,
802 2394 860 2440 laevi
887 2392 1013 2442 infelicia:
1042 2394 1151 2441 carnicis

60 2471 108 2518 hoc
118 2484 194 2518 sensu
206 2486 212 2517 :
223 2468 422 2533 ligationum,
433 2472 453 2518 si
464 2472 505 2519 cui
516 2472 589 2518 time·
627 2477 725 2518 contra.
747 2470 832 2518 Plaut.
850 2469 952 2518 Asinar.
972 2468 1039 2517 iufra
1056 2467 1152 2516 citaud.

61 2544 93 2592 bo
106 2559 202 2606 auspex
216 2545 345 2606 providus,
362 2548 406 2605 (ut
424 2545 470 2594 tibi
486 2546 588 2607 naviga·
628 2544 696 2593 ltem
709 2544 880 2594 Aululseen.
897 2549 937 2592 2⁰.
962 2546 1152 2593 ‘Noutemere

63 2627 127 2665 tura
148 2619 235 2678 timeo,
256 2619 388 2679 Galatea)
406 2621 466 2668 huic
492 2622 588 2683 ‘prece
629 2621 746 2683 estquod
760 2629 950 2670 corruscautat
970 2621 1029 2668 mibi
1042 2633 1108 2667 nunc
1121 2619 1153 2666 ab

61 2692 191 2739 suscitabo
210 2693 321 2738 oscinem
339 2693 371 2739 ab
385 2701 444 2740 ortu
456 2695 521 2742 Solis
534 2711 589 2744 cor·
629 2697 695 2743 laeva
713 2697 808 2758 ntsnu‚’
827 2700 876 2746 tire.
904 2698 959 2745 Cic.
978 2696 1010 2743 de
1027 2694 1113 2743 Dixin.
1132 2698 1154 2741 1.

61 2763 139 2822 vum‚’
151 2778 202 2827 quo
213 2764 376 2814 deterreatur
389 2782 403 2815 a
415 2771 588 2816 cousceudcu·
628 2773 635 2797 ‘
650 2771 718 2820 Quid
732 2786 824 2833 augur,
836 2787 904 2819 eura
915 2772 1008 2819 deutra
1020 2785 1121 2828 curvus,
1139 2785 1153 2815 a

63 2839 96 2886 do
113 2841 187 2898 mari,
207 2840 255 2895 isto
275 2840 374 2887 scilicet
392 2842 458 2888 malo
475 2843 587 2901 augurio.
629 2845 732 2890 sinistra
743 2846 831 2892 cornix
844 2845 922 2893 faeiat
935 2856 1015 2892 rutum
1026 2845 1048 2891 i'
1067 2845 1153 2891 Etan-

67 2915 132 2962 l'ide
146 2923 203 2962 mox
215 2914 370 2962 auuotauda.
631 2924 690 2963 tea:
709 2920 716 2943 ‘
730 2917 862 2965 Panaetius
886 2919 993 2980 requirit
1015 2919 1030 2966 J
1036 2919 1153 2980 upitcrae

94 2993 231 3055 tlAuspex]
250 2991 276 3039 ls
288 2992 421 3051 attigui-ium
433 2998 538 3054 captans
551 3005 590 3038 se·
630 2993 756 3039 cornicem
778 3007 792 3038 a
810 2994 883 3051 lana,
905 3006 1009 3040 coruum
1029 3006 1043 3038 a
1062 2990 1155 3037 dextra

63 3068 143 3116 debet
152 3069 239 3129 capite
249 3068 350 3115 velato:
362 3065 592 3114 lituumsinenodo
631 3079 723 3113 canere
731 3065 869 3127 jussisset!
885 3067 918 3114 Et
928 3064 961 3111 de
973 3064 1061 3111 Diuin.
1071 3077 1102 3110 ιι.
1113 3068 1154 3111 81.

65 3151 155 3190 tenens
172 3142 309 3201 aduncum,
330 3156 380 3204 quo
397 3142 454 3190 coeli
472 3141 591 3202 regiones
629 3141 704 3188 ‘Cur
720 3141 776 3188 aliis
794 3155 808 3187 a
826 3140 929 3197 dextra,
946 3139 1000 3186 aliis
1013 3138 1155 3186 alevada-

65 3226 91 3264 et
111 3225 183 3265 certa
200 3220 282 3280 spatia
307 3218 423 3278 notabat,
446 3218 538 3280 quibus
556 3217 591 3264 ui·
632 3223 685 3262 tutu
704 3222 744 3262 est
763 3214 860 3273 avibus,
879 3221 907 3261 ut
919 3224 1001 3261 ratum
1013 3213 1154 3274 aruspicium

67 3289 152 3336 denda
174 3291 205 3337 ad
230 3305 257 3338 se
279 3293 408 3352 pertinere
432 3291 594 3353 designabat,
631 3289 718 3340 iacere
745 3289 873 3352 possiuti’
904 3289 1000 3336 Verum
1026 3288 1155 3335 enimvero

67 3366 117 3410 ἀι.
140 3362 216 3410 Alex.
229 3363 262 3409 ab
275 3363 350 3412 Alex.
362 3372 422 3413 ante
438 3365 483 3413 cit.
508 3367 592 3415 Qttarn
631 3374 638 3394 ¹
651 3381 743 3429 magna
755 3366 829 3428 liujus
842 3363 1026 3413 observationis
1042 3361 1157 3421 vanitas:

66 3439 227 3486 veremundi
241 3446 339 3502 partem
352 3440 488 3503 spectabat
497 3440 593 3501 augur?
632 3447 660 3489 ut
673 3443 708 3489 ait
720 3441 775 3503 ipse
788 3440 855 3488 Plio.
872 3453 930 3487 mox
947 3439 991 3486 cit.
1010 3438 1045 3486 Et
1056 3437 1111 3485 Cic.
1123 3437 1156 3484 ds

66 3515 125 3562 hinc
144 3517 211 3563 enim
230 3513 326 3577 pendet
344 3516 481 3562 multarum
499 3506 598 3560 solutio
632 3517 759 3564 niumm
772 3520 811 3564 82.
837 3517 920 3566 ‘Quae
937 3519 1020 3561 autem
1039 3512 1157 3560 estiuter

68 3592 250 3651 questionum:
278 3588 395 3635 nimirum
427 3588 470 3634 ubi
500 3588 592 3636 dextra
632 3589 1156 3654 Aaguresconveoiensetconjunctacon·

68 3666 186 3726 pars,ubi
199 3667 265 3713 lava
276 3661 466 3720 constituenda3
478 3660 593 3724 adeoque
633 3667 745 3713 stantia?
768 3665 809 3713 Ad
822 3667 902 3714 nostri
913 3665 1011 3728 angttrii
1023 3670 1157 3711 consuetu·

68 3739 134 3799 quod
147 3739 297 3802 felix‚quod
311 3737 495 3785 infelixomeu.
513 3737 592 3786 Priiui
634 3739 717 3788 dinem
738 3740 805 3788 dixit
828 3741 938 3789 Ennius:
966 3739 1050 3785 ‘Cum
1073 3738 1156 3784 toruiit

70 3811 144 3860 Rom.
161 3828 270 3873 sulpurei
288 3814 421 3861 Orientem
442 3820 593 3874 spectarunt
634 3815 724 3863 lasum
740 3817 804 3863 bene
817 3822 971 3877 tempestate
989 3810 1095 3858 serena!
1123 3811 1157 3856 At

70 3886 103 3934 ab
115 3888 221 3935 Allisuis
238 3897 264 3934 et
281 3890 378 3937 Latinis
391 3890 486 3938 edocti.
512 3889 593 3936 Patet
635 3890 786 3939 Homericus
799 3891 865 3952 Ajsx
878 3887 945 3949 apud
959 3884 1083 3931 Achillem
1097 3897 1157 3945 que-

71 3976 103 4009 ex
123 3962 209 4022 virgil.
221 3962 320 4009 iEneid.
333 3976 391 4011 ιιιι.
404 3969 444 4011 68.
456 3970 483 4012 et
494 3964 594 4012 AEneid.
635 3978 693 4013 rens
712 3965 743 4011 de
763 3963 899 4010 ferocitate
916 3957 1090 4018 Trojauorum,
1113 3971 1156 4004 ue-

74 4050 125 4085 ιιιι.
138 4039 192 4084 172.
220 4035 333 4083 Subinde
352 4051 423 4099 scra,
440 4052 471 4085 ex
483 4039 594 4087 Etrusca
634 4042 685 4088 scio
704 4039 826 4102 quidhoc
846 4034 920 4082 modo
939 4032 1055 4080 nuntiat:
1073 4032 1158 4080 ‘Pro-
