2408 4200
276 801 326 885 Q.
355 791 626 872 HORATlI
660 797 884 877 FLACCI
918 797 1071 877 VITA

411 1019 509 1085 ess
530 1020 694 1088 assos
719 1023 941 1089 mersus.
984 974 992 987 ’

167 1413 213 1479 U.
237 1414 275 1479 0.
296 1414 392 1480 Varr.
422 1415 498 1481 689.
543 1414 582 1478 1..
607 1411 765 1477 Aurelius
800 1413 912 1479 Cotta.
957 1416 999 1487 L.
1024 1416 1174 1482 Manlius

314 1517 507 1600 Torquatus
521 1516 620 1580 Coss.
663 1514 706 1578 A.
722 1514 762 1577 C.
778 1515 833 1579 65.
880 1515 1011 1581 Horatii
1027 1519 1059 1582 l.

124 1654 199 1718 Hrs
230 1654 326 1721 Coss.
356 1664 471 1722 natum
494 1675 570 1720 esse
597 1655 787 1731 Horatium,
810 1673 876 1719 uon
905 1656 1011 1718 solum
1035 1657 1204 1722 Suetouiu

121 1763 317 1832 auctorest,
336 1757 395 1820 sed
419 1759 493 1839 ipse
515 1757 617 1820 etiam
641 1754 798 1825 Flaccus,
821 1771 876 1818 111.
899 1753 963 1818 Od.
985 1756 1041 1821 21.
1059 1759 1087 1819 l.
1105 1756 1200 1840 Epod

123 1872 210 1920 xrrr.
236 1856 269 1919 6.
312 1858 532 1921 Decembrem
559 1874 705 1918 mensem
729 1855 803 1936 ipse
826 1856 929 1918 etiem
955 1856 1121 1921 natalibus
1144 1860 1195 1922 sui

120 1957 276 2036 assignat
290 1973 316 2021 r.
331 1957 440 2039 Epist.
453 1958 508 2021 20.
523 1965 607 2021 extr.
622 1955 780 2037 illiusque
795 1957 883 2020 diem
909 1972 959 2019 vr.
982 1957 1035 2021 Id.
1057 1976 1200 2022 memora

124 2057 320 2119 Suetonius.

168 2153 307 2219 Generis
329 2156 381 2219 sui
406 2158 638 2222 obscuritatem
665 2176 834 2239 uunquam
859 2157 1059 2233 dissimulat,
1085 2176 1198 2240 sempe

122 2254 213 2319 ultro
227 2256 351 2333 fassus,
375 2276 413 2321 se
435 2277 495 2322 nec
517 2259 674 2340 ingenuo,
697 2277 760 2322 nec
783 2259 873 2322 claro
896 2264 1012 2319 natum
1032 2262 1138 2339 patre,
1152 2277 1204 2321 se

119 2355 286 2435 libertino,
302 2360 370 2423 vita
391 2365 501 2423 tamen
524 2367 560 2423 et
582 2367 717 2443 pectore
732 2378 834 2442 puro;
860 2375 883 2420 r.
899 2357 972 2422 Sat.
986 2358 1018 2421 6.
1031 2358 1086 2420 45.
1130 2362 1140 2390 ‘
1156 2358 1197 2420 Li

119 2456 283 2521 bertinus'
298 2467 410 2523 autern
427 2479 469 2523 eo
484 2465 631 2542 tempore
657 2459 748 2523 idem
770 2466 842 2524 eret
857 2479 898 2523 ec
914 2462 925 2492 ‘
940 2458 1077 2522 libertus
1087 2457 1114 2537 ;'
1136 2478 1202 2522 nco·

120 2559 347 2638 superioribus
369 2560 502 2624 saecnlis
523 2560 667 2624 libertini
689 2561 876 2624 dicerentur
899 2559 960 2623 dlii
974 2559 1200 2624 libertorums

119 2661 406 2725 manumissorum.
439 2660 579 2726 Poterat
586 2663 651 2726 hoc
667 2661 796 2725 discere
811 2661 862 2725 Cl.
875 2660 1004 2724 Sivrius
1019 2680 1065 2725 ex
1076 2662 1200 2725 Suetou

120 2756 238 2823 Claud.
252 2762 304 2825 24.
348 2761 440 2826 Hinc
458 2762 619 2827 Horatius
636 2783 680 2827 ex
706 2783 776 2828 suae
802 2763 911 2827 aetatis
936 2781 1028 2825 more
1048 2763 1192 2842 ingenuo

120 2867 207 2935 erat,
222 2879 340 2942 pareus
351 2864 426 2946 ejus
448 2883 513 2928 non
532 2865 621 2927 item.
634 2863 680 2926 V.
698 2879 721 2925 r.
736 2863 806 2934 Sat.
822 2864 853 2924 6.
868 2860 900 2924 8.
916 2869 951 2924 et
965 2861 1018 2924 21.
1049 2859 1101 2924 Cl.
1117 2861 1156 2925 M
1162 2888 1168 2915 ι
1184 2888 1189 2895 ·

118 2960 191 3023 soni
208 2959 276 3025 Vit.
295 2962 379 3027 Hor.
399 2985 432 3046 p.
448 2965 481 3028 4.
497 2984 570 3047 sqq.
616 2961 757 3046 Oportet
782 2970 890 3025 tamen
918 2960 1087 3035 Flaccum,
1112 2970 1202 3043 petr·

112 3059 183 3142 jam
207 3047 360 3129 libertate
380 3065 517 3141 donato,
538 3075 654 3129 natum
680 3082 774 3141 esse3
797 3062 883 3124 alies
902 3063 988 3122 euim
1010 3079 1074 3122 non
1096 3062 1196 3122 fuisse

117 3179 289 3241 rngeauus.

116 3458 213 3534 Vita,
226 3469 331 3524 eter.
345 3463 414 3527 Sat.
428 3463 462 3526 6.
476 3465 529 3526 85.
575 3460 616 3524 Id
630 3459 674 3523 ed
692 3459 868 3539 vectigalia
884 3457 951 3519 fere
966 3454 1119 3527 refemnt,
1134 3473 1204 3535 qu:-

117 3556 268 3639 coegerit
288 3579 348 3641 pro
370 3564 569 3642 publicanis.
615 3559 681 3624 Sed
701 3561 768 3625 vid.
794 3559 910 3624 Not·
931 3556 975 3619 ad
992 3554 1063 3617 Vit.
1087 3552 1200 3617 Horat

116 3658 412 3724 Salsamentanum
432 3661 549 3737 inisse,
570 3663 638 3726 ut
628 3681 662 3724 rn
678 3660 758 3725 Vita
784 3660 903 3723 Horat.
923 3657 1053 3728 dicitur,
1068 3652 1195 3714 Torren

116 3762 185 3825 tius
201 3777 266 3822 non
282 3757 354 3820 vult
369 3758 510 3834 credere,
522 3760 602 3840 quia
616 3761 687 3841 ipse
702 3759 736 3822 id
749 3777 815 3820 non
829 3752 1103 3820 commemorarit.
1142 3751 1201 3815 Se

115 3862 182 3926 hoc
205 3864 293 3924 certe
317 3856 492 3921 infirmum.
534 3858 676 3924 Joannis
699 3859 745 3920 du
770 3856 892 3919 Hamel
918 3862 1141 3917 commentum
1169 3854 1204 3916 d.

116 3960 252 4025 Horatii
276 3972 374 4042 patre
400 3957 518 4025 Flavio
545 3960 680 4034 Flacco,
704 3955 809 4019 nobili
831 3960 927 4035 gente
956 3951 1100 4016 Pontica
1123 3962 1197 4016 orto

116 4062 179 4136 ita,
195 4068 230 4124 ut
244 4067 397 4136 meretur,
413 4059 554 4139 castigat
570 4058 781 4122 Sanadonus.
