2408 4200
415 250 449 309 Q·
472 249 630 298 tronartt
656 248 788 300 Planco!

188 390 303 454 Fatale
318 397 508 467 monstram,
523 410 598 470 quae
613 394 807 471 generosius

186 489 300 553 Perire
315 512 481 573 quaerens,
490 512 551 556 nec
564 493 769 557 muliebriter

229 591 376 674 Expavit
392 614 516 672 ensem,
531 613 593 659 neo
607 596 743 658 latentes

272 693 391 756 Classe
406 696 474 757 citu
488 695 658 776 reparavit
671 710 768 755 oras:

187 790 283 855 Ausa
295 798 328 856 et
337 793 504 874 jacentem
520 794 626 856 visere
640 794 762 873 regiam

187 890 292 957 Vultu
308 911 436 969 sereno,
451 891 546 956 fortis
562 901 598 956 et
611 911 749 975 asperas

59 1058 175 1106 AEraosiae
186 1058 295 1120 rivom)
303 1065 329 1107 ut
341 1061 366 1107 in
377 1060 468 1108 simia
479 1061 601 1121 sonjieem
611 1062 735 1120 sumtus
748 1067 889 1125 portentum.
924 1064 969 1112 Illa
985 1078 1039 1112 aero
1055 1068 1149 1111 strenae

57 1121 119 1168 mari
129 1123 215 1178 orbas,
231 1123 292 1172 baud
301 1123 409 1184 gladium
419 1123 540 1172 exhorruit
556 1139 618 1174 ruore
631 1125 750 1186 smisso,
762 1143 803 1176 rrse
819 1129 951 1176 reconditas
966 1128 1036 1175 celeri
1054 1126 1149 1186 naamis

57 1191 135 1232 terras
145 1187 277 1249 requisivit.
311 1187 448 1245 Sedsroate
462 1189 518 1236 tora
527 1190 672 1251 desperans
683 1191 755 1238 etiarn
764 1205 862 1252 regnem
872 1192 939 1240 adire
949 1207 995 1239 aaa
1010 1192 1087 1239 uerita
1097 1196 1150 1244 ert;

518 1324 699 1344 vernoune

60 1405 91 1449 es
110 1403 252 1465 Bentleius,
263 1405 342 1453 verbo
359 1411 366 1433 ¹
380 1405 515 1466 reparare'
533 1403 654 1463 offensas,
665 1407 731 1470 conj.
747 1408 880 1470 penetrarit
891 1421 953 1466 oras,
962 1421 994 1455 ex
1006 1406 1079 1467 Virg.
1090 1404 1147 1453 AEn.

62 1468 117 1513 141.
125 1468 169 1541 Ιι’ζι
177 1470 283 1529 parauit,
295 1469 450 1552 ingeniosius
461 1478 487 1518 et
499 1470 642 1532 elegantius
653 1472 713 1521 Janl
722 1471 821 1534 judice,
831 1472 901 1533 conj.
912 1471 963 1519 Bor
976 1470 1060 1518 Auim.
1070 1484 1095 1531 p.
1107 1474 1147 1517 ³6.

61 1539 90 1575 ut
107 1530 215 1577 ‘rbrmus
235 1530 312 1577 Afros
353 1532 427 1594 Virg.
448 1533 504 1582 Eri.
523 1547 541 1581 r.
576 1535 690 1583 reserarit
708 1550 762 1582 oras
780 1535 849 1596 conj.
870 1535 948 1583 With.
969 1543 996 1583 et
1013 1533 1147 1591 Jortiuut;

59 1590 164 1638 Waltel'.
184 1607 253 1653 vero,
269 1595 390 1655 repedavit
410 1611 470 1650 oras,
485 1610 542 1645 cam
558 1597 608 1645 bec
626 1596 821 1646 Annotutioue:
838 1598 991 1659 ‘Vulgatam
1010 1598 1149 1646 lectionem

59 1656 115 1715 quis
127 1655 234 1703 audebit
247 1658 272 1703 in
284 1671 311 1702 se
323 1660 453 1719 suscipere
464 1658 669 1708 defendendam?
687 1662 727 1707 De
739 1668 827 1709 nostra
837 1661 878 1707 adi
889 1662 983 1709 Titiam
995 1660 1026 1707 sd
1035 1661 1146 1720 Scriptt.

61 1717 154 1763 venat.
168 1731 192 1777 p.
206 1721 262 1766 176.
279 1718 326 1767 Ed.
344 1720 506 1770 Burm.'-2⁵
527 1725 593 1771 Ausa
608 1730 635 1771 ot
646 1723 707 1770 Var.
720 1724 793 1770 Lect.
804 1723 943 1784 sp.J0nes.
969 1727 1091 1770 aaronem
1102 1737 1149 1784 pro

55 1778 173 1838 jacentem
185 1781 247 1829 ibid.
265 1788 387 1839 tacentem,
404 1785 461 1833 lue.
480 1785 630 1847 desolatam,
649 1800 762 1846 vacuant,
779 1787 850 1850 conj.
873 1787 959 1834 Bentl.
977 1794 1004 1833 et
1025 1786 1062 1832 sic
1083 1799 1148 1832 unus

63 1844 290 1897 Burmanni-26
311 1847 384 1895 Vultu
393 1862 413 1896 s.
423 1847 507 1908 sortia
519 1855 551 1912 et,
563 1854 603 1913 dfe.
620 1850 782 1915 distinguunt
792 1849 911 1914 quaedam
920 1850 978 1898 edd.
988 1856 1050 1898 vett.
1062 1849 1148 1897 baurb.

560 1985 665 2037 NOTAE

59 2085 160 2137 monte;
178 2081 217 2127 rel
231 2081 326 2142 potius,
336 2082 488 2132 Thessalica
500 2083 583 2145 regio·
626 2085 662 2131 nit
671 2085 742 2146 'oras]
765 2083 822 2131 Nee
833 2082 858 2131 iu
871 2090 981 2131 remotas
993 2081 1099 2143 lEgypti
1111 2093 1150 2126 re·

59 2157 97 2202 nir
112 2157 299 2206 Macedonibus
316 2160 438 2221 proximus
455 2161 488 2208 ab
500 2160 584 2209 AEmo·
627 2160 713 2221 giones
730 2160 794 2206 clam
811 2156 922 2218 atriugit,
942 2163 985 2204 aru
1001 2169 1104 2218 nusquam
1117 2156 1150 2200 la-

59 2245 91 2278 ue
105 2232 269 2280 Deucalionis
280 2232 335 2281 tilio
348 2240 508 2296 nuncupatae.
628 2243 683 2281 tere
702 2233 792 2292 voluit,
809 2231 853 2278 sed
874 2229 1056 2277 Alexandriam
1079 2235 1151 2276 recto

95 2307 172 2355 Daret
194 2313 220 2356 ut
236 2310 325 2356 catenis
344 2309 427 2357 Fatale
445 2307 583 2368 monstrum]
628 2320 702 2355 cursu
716 2303 856 2352 contendit.

60 2382 97 2429 Ut
119 2383 247 2446 captivum
271 2385 392 2432 avelleret
420 2386 584 2445 Cleopatram
658 2377 781 2438 Luteutes]
809 2378 864 2426 Cic.
891 2376 982 2438 Agrar.
1005 2391 1036 2423 rr.
1059 2391 1084 2425 n.
1109 2381 1149 2424 43.

60 2457 219 2517 Reipublicae
241 2459 361 2507 Romanae
379 2458 483 2506 fatalem
496 2458 584 2503 etexi-
625 2452 711 2502 ‘Quid
741 2452 909 2506 Alexandria,
936 2461 1080 2514 structaque
1109 2452 1150 2499 AE·

59 2532 167 2587 tiosam;
183 2532 224 2578 vel
242 2547 294 2579 snae
312 2534 443 2592 gloriasse
459 2531 585 2592 triumpho
626 2528 738 2590 gyptus?
758 2536 785 2574 ut
797 2528 899 2574 occidte
909 2527 980 2583 latet,
994 2534 1022 2574 ut
1034 2527 1151 2574 recondi·

60 2602 121 2650 fatis
142 2611 306 2649 reservatum.
340 2603 448 2651 Addunt
467 2605 518 2659 alii,
531 2604 585 2653 tbe·
626 2602 738 2651 tuest?'
770 2604 848 2650 Suum
868 2613 951 2650 tamea
973 2602 1149 2665 posteadam·

59 2678 141 2726 sauria
153 2679 209 2740 ejus
221 2677 337 2740 potiundi
357 2681 586 2743 spem,inrequeu·
627 2679 697 2726 norit
720 2692 849 2726 errorem:
869 2680 1047 2741 intellexitque
1070 2679 1151 2725 satius

60 2755 86 2802 di
99 2769 199 2803 causam
209 2752 296 2802 scrisse.
626 2753 739 2803 futurum
751 2752 831 2802 fuisse
843 2755 935 2803 cedere
952 2755 1070 2817 tempori,
1087 2762 1114 2802 ct
1125 2756 1151 2803 in

91 2836 121 2879 21
142 2832 202 2884 Ques
217 2831 352 2891 generosius
371 2830 456 2878 Perire
471 2830 585 2891 querens,
626 2838 708 2878 tutam
731 2833 840 2894 aliquem
867 2833 950 2878 locum
973 2846 1001 2878 se
1025 2832 1150 2891 recipere,

59 2905 113 2967 aa]
142 2906 219 2953 Haud
243 2907 393 2953 muliebrem
413 2905 522 2953 animum
539 2907 585 2953 sed
625 2907 685 2953 dum
704 2907 797 2954 bellum
816 2914 967 2968 repararet3
986 2908 1150 2967 conspirante

60 2983 156 3029 virilem
170 2983 255 3044 potius
270 2997 359 3043 gerens
375 2985 400 3031 in
412 2995 519 3045 corpore
530 2997 585 3031 mu·
625 2982 768 3043 presertim
790 2983 814 3026 in
836 2983 890 3041 ejus
907 2981 1027 3026 auxilium
1041 2987 1097 3027 tota
1108 2981 1150 3027 tE-

59 3056 144 3116 liebri,
164 3070 325 3120 nequaquam
343 3056 586 3105 morcfoemiusrum
625 3066 715 3119 gypto.
755 3055 823 3103 Vide
845 3056 935 3115 Virgil.
958 3055 1060 3102 AEncid.
1086 3069 1150 3104 virt.

61 3134 129 3181 ensis
142 3134 223 3181 aciem
237 3134 352 3195 expavit.
388 3133 516 3183 Nimirum
529 3147 586 3182 cum
625 3136 682 3180 7⁰7.
702 3138 728 3179 et
747 3145 800 3193 seq.
818 3137 845 3178 et
863 3132 980 3178 Servium
1002 3133 1026 3178 iu
1044 3146 1101 3178 etim
1116 3132 1151 3178 lo-

61 3208 193 3268 Augustaa
214 3208 587 3272 Alexandriam,obsessorque
627 3222 695 3255 utrm.
725 3207 792 3254 Vide
816 3215 843 3254 et
866 3206 998 3255 Plutarch.
1028 3207 1150 3255 Diouem-

59 3284 96 3330 ibi
117 3283 256 3332 Antonium
277 3291 304 3332 et
324 3285 488 3345 Cleopatram
511 3285 585 3332 rede·
627 3300 686 3348 que,
704 3293 831 3333 tentatum
853 3285 885 3331 ab
902 3299 932 3332 ea
952 3285 1036 3347 frigam
1057 3287 1152 3348 persi·

61 3360 141 3417 uisset
159 3361 183 3405 in
200 3375 270 3406 stram
290 3367 462 3420 potestatem3
480 3375 507 3407 se
529 3363 585 3425 qui·
627 3377 686 3410 uum
699 3361 848 3420 Arabicum,
860 3368 1103 3411 contranarrantes.

61 3435 118 3480 (iem
148 3435 278 3482 interemit
301 3433 449 3481 Antoninus
478 3435 588 3495 arripuit
659 3441 689 3483 25
708 3435 774 3481 Ausa
790 3441 812 3482 et
827 3435 945 3493 jacentem
960 3438 1036 3485 uisere
1051 3439 1149 3499 regiam,

61 3521 87 3560 et
101 3512 240 3572 Cleopatra
259 3511 382 3573 gladium,
399 3525 449 3573 quo
461 3511 509 3558 sibi
521 3527 587 3559 mor·
626 3513 678 3574 lte]
709 3513 879 3572 Desperatum
903 3513 962 3560 licet
986 3529 1090 3574 reguum
1114 3516 1151 3560 in·

61 3597 113 3636 tem
136 3587 261 3635 inferret:
291 3587 335 3634 sed
362 3586 489 3647 prohibita
511 3594 587 3634 esta
628 3587 1150 3650 gressauilrildesuperbiuremisitzvul·

63 3665 197 3712 Proculeio
210 3665 277 3711 iutra
289 3665 464 3724 sepulcrorum
474 3664 587 3712 claustra
629 3672 653 3709 tu
665 3676 756 3708 sereno
769 3662 864 3721 regiam
881 3663 943 3721 adit,
962 3663 1048 3725 ibique
1063 3664 1086 3709 iu
1099 3677 1149 3710 om·

62 3741 138 3785 misso
159 3740 298 3791 aCeesare,
316 3739 359 3798 qui
381 3738 462 3785 vivam
484 3753 586 3786 servare
627 3738 652 3784 ui
665 3739 725 3784 luxu
738 3744 864 3794 versatur,
877 3744 943 3783 teste
956 3738 1102 3784 Plutarcho.

61 3813 92 3858 ad
118 3817 155 3860 sui
186 3814 308 3875 triumplu
335 3813 414 3860 decus
437 3815 585 3873 exoptabat,
659 3817 690 3859 20
712 3813 790 3858 Fortis
811 3817 833 3857 et
856 3826 950 3871 asperas
970 3813 1081 3859 Tractare
1101 3823 1149 3854 rer·

61 3888 424 3936 Plutarch.inVitallntonii.
447 3889 585 3937 Liviuslib.
625 3890 716 3949 pentes]
741 3888 804 3933 Cum
817 3888 841 3933 in
855 3887 959 3934 uictoris
972 3892 1097 3946 potestate
1110 3898 1149 3930 es-

63 3965 240 4009 enuntiarit.
627 3969 675 4022 set,
688 3964 801 4023 morique
821 3964 1003 4013 constituisset.
1020 3966 1148 4006 secretum

93 4035 123 4079 23
143 4033 192 4078 b'ce
212 4039 309 4084 latrator
329 4039 409 4085 Clarae
427 4038 473 4084 ct'ta
491 4052 584 4099 rapara-
626 4041 713 4084 mortis
727 4053 805 4095 pertua
827 4037 943 4085 tentarit.
978 4035 1044 4081 rtor.
1060 4049 1096 4083 tv.
1111 4041 1148 4084 11.
