2408 4200
400 284 606 334 cunutuuu
632 285 704 333 nin.
729 285 753 332 ι.
776 270 828 332 16.
1097 272 1162 337 luo

559 422 672 473 ΝΟΜ

64 517 219 579 Metropolis
230 519 317 580 Troja.
514 542 517 547 ⁴
631 521 740 570 Chalcaa
754 535 843 584 augur,
861 535 876 570 a
893 535 1025 583 pasterum
1043 535 1159 584 numero,

97 592 210 654 Achillei]
226 593 336 641 Achillea
352 591 504 641 fortissimua
515 594 589 642 Groe·
630 605 691 657 poat
703 611 782 645 anuos
794 597 882 645 decem
893 597 998 659 'l'rojam
1008 609 1158 659 expugnan-

63 683 161 729 corum,
177 668 217 716 vel
236 681 281 714 auo
298 665 401 716 nomina
417 666 483 729 apud
502 681 589 717 omnes
629 667 688 717 dam
699 669 901 734 diruendamque
910 669 1078 733 praedixerat.

63 741 185 790 famosus.
664 745 725 793 Uret
741 745 859 793 Achaicae
875 745 945 806 Ignis
961 745 1048 794 iliacas
1066 749 1156 810 domod

97 821 127 864 ³6
144 816 205 864 Posi
213 814 399 877 eertmhyemes]
415 815 479 864 Post
487 824 586 865 certm
626 820 727 869 Achaia
754 820 867 870 Grecioe
890 835 959 883 para.
979 817 1155 882 synecdoche.

64 905 186 940 annornm
213 892 325 953 spatium
352 888 412 939 fatis
444 890 588 942 decretum.
626 895 735 946 Quidam
749 896 847 958 legunt,
857 895 1001 956 Pergameae
1011 897 1099 945 domos.

493 1079 591 1143 ODE
622 1078 728 1142 XVI.

318 1242 530 1291 l’ALlNODlA
555 1245 606 1289 AD
630 1241 897 1289 Tiunutttmtu.

58 1375 195 1427 satisfacit
205 1375 357 1439 Tyndaridi‚
369 1375 392 1422 h.
404 1389 428 1423 e.
442 1373 568 1423 Grandia
585 1374 767 1437 Unguentariae
786 1375 811 1423 N
814 1375 977 1436 capolitanae,
989 1377 1153 1440 camiscanae,

93 1471 169 1518 quam
180 1456 206 1503 in
220 1454 316 1518 Epodla
325 1455 371 1502 truh
382 1453 496 1503 Canidiae
504 1453 605 1502 nomino
614 1453 754 1502 miserrime
766 1453 933 1502 laceraverat.
951 1453 1096 1517 (Canidiam
1109 1471 1152 1505 re·

92 1535 227 1583 heirienter
238 1536 340 1583 inserat
352 1534 435 1582 Podta
452 1548 471 1583 1.
487 1534 543 1583 Sat.
560 1539 584 1583 8.
602 1541 656 1582 tum
668 1533 751 1596 Epod.
770 1547 796 1582 v.
814 1541 841 1582 et
859 1545 908 1582 vir.
926 1549 988 1597 quoa
1000 1534 1079 1583 libros
1090 1542 1152 1585 ante

93 1612 159 1660 hunc
171 1612 283 1674 scriptos
295 1613 365 1674 ponit
377 1613 491 1662 Bentleii
503 1613 577 1662 ratio.
603 1613 669 1663 Haec
677 1612 737 1663 oue
748 1612 907 1662 palinodiam
918 1615 1035 1663 continet
1044 1615 1084 1663 vel
1095 1628 1151 1662 rer·

91 1705 144 1740 aaut
166 1707 179 1740 c
199 1693 291 1741 Graeca
309 1693 458 1754 Stesichori,
477 1694 517 1741 rel
535 1694 678 1744 imitatione
694 1707 849 1756 expressam,
861 1693 928 1757 quod
948 1694 1044 1742 indicat
1056 1706 1148 1742 nomeu

90 1771 278 1836 ‘Tyndaridis'
295 1781 320 1822 et
338 1774 433 1844 primus
452 1789 549 1823 varana.
581 1774 607 1823 Si
620 1775 722 1822 omniuo
734 1773 866 1823 Canidiam
879 1789 900 1819 a.
912 1773 1055 1822 Gratidiam
1069 1771 1148 1834 respi-

90 1852 136 1911 cit,
146 1851 177 1899 de
194 1867 244 1915 quo
255 1852 376 1915 viderint,
389 1853 431 1915 qni
444 1851 580 1916 affirmant,
593 1854 647 1901 haec
664 1853 810 1913 Palinodin,
828 1853 860 1900 ad
878 1852 953 1900 liliam
965 1854 1031 1902 illius
1047 1853 1147 1903 directa

93 1930 201 1978 ridetur.
232 1931 300 1979 Nam
313 1931 444 1979 Canidiam
453 1933 506 1993 jam
518 1947 593 1980 anatur
605 1931 671 1981 fecit
681 1933 706 1979 in
718 1932 901 1994 superioribus.
921 1933 1008 1995 Gran.)

187 2041 236 2103 0!
263 2043 403 2104 Murus
419 2043 556 2124 pulchro
569 2046 640 2108 iilia
656 2044 835 2126 pulchrior,

188 2140 295 2218 Quom
311 2142 497 2205 criminosis
510 2163 655 2226 cumque
673 2144 764 2206 voles
780 2142 917 2205 modum

92 2314 221 2372 osorum
229 2314 347 2375 genitrice
357 2319 413 2361 unta
422 2314 560 2377 formosior,
575 2329 643 2378 quem
651 2314 744 2363 libuerit
747 2314 825 2378 finem
839 2313 907 2362 dubie
921 2313 1041 2374 injuriosis
1052 2313 1148 2368 Inuidia,

90 2537 148 2584 Ode
162 2539 236 2586 tertia
249 2539 317 2587 Libri
330 2538 411 2601 quinti
425 2539 450 2586 in
464 2538 513 2586 Ed.
525 2538 661 2589 Sanadoni.
696 2542 756 2589 Duo
767 2539 843 2589 codd.
860 2541 1001 2599 laurentii,
1017 2539 1145 2588 Poliaodio

59 2600 178 2648 Gratidio
189 2604 218 2649 od
232 2601 387 2665 lhadnridem
396 2603 515 2657 amicum
540 2603 633 2650 retuati
645 2603 704 2652 libri
716 2605 837 2666 apiani,
849 2621 906 2653 cum
918 2607 1024 2655 Loeher.
1035 2605 1143 2652 Arcens.

60 2671 85 2711 et
102 2665 208 2714 Veneti.
227 2665 265 2713 Ad
275 2669 388 2721 ornicum
422 2665 477 2719 alii,
490 2664 529 2712 Ad
546 2665 757 2727 Tyndaridem-2
775 2668 828 2717 Alt.
839 2675 863 2718 2.
883 2671 956 2725 Quem
971 2669 1143 2719 hatnoen.-

546 2792 649 2843 NO'l‘AE

87 2887 199 2936 Mettum
216 2888 283 2937 idem
296 2888 362 2952 qirud
373 2872 429 2937 (lde
442 2902 480 2937 rx.
491 2905 578 2953 supra.
651 2898 663 2941 1
678 2897 781 2943 Oruntre
792 2894 948 2957 poichrujiiio
958 2892 1089 2956 pulchrior]
1099 2891 1141 2940 Ai-

85 2965 258 3029 Quaecnmque
275 2966 361 3014 valent
378 2966 409 3014 ad
424 2967 578 3030 placandum
619 2969 1140 3031 rintnitidamacriptumdicaciteranteah

51 3040 125 3098 iram,
141 3041 197 3088 liaec
217 3041 322 3089 adhibet
339 3040 463 3089 Horatius
478 3043 509 3090 ad
533 3042 579 3089 mi·
619 3042 732 3088 Horatio
743 3039 839 3085 luisse:
857 3040 897 3085 ⁰0
910 3049 991 3086 matre
1003 3043 1072 3098 turpi
1090 3037 1142 3084 iilia

53 3113 184 3172 rigandum
210 3116 313 3163 offensae
343 3117 436 3175 puellm
458 3118 581 3163 animum.
619 3111 736 3173 turpior.'
770 3111 900 3172 Quicquid
919 3113 963 3169 ait,
981 3114 1034 3171 jam
1054 3111 1141 3158 laudat

54 3187 196 3246 scripserat
208 3189 267 3232 olim
286 3188 390 3232 lambos
401 3195 446 3232 nint
457 3189 579 3234 adversus
620 3187 723 3247 egregie
734 3184 853 3246 puellum,
861 3184 942 3230 sciens
950 3184 1012 3230 nihil
1024 3184 1079 3231 iere
1090 3198 1143 3232 mu·

53 3262 145 3320 iprum,
174 3267 219 3306 aut
241 3267 330 3306 contra
358 3265 464 3304 utatrem
492 3259 580 3319 ipsius.
620 3260 678 3307 lieri
687 3257 827 3319 jucundius
845 3270 908 3316 ease,
925 3272 999 3319 quarn
1016 3257 1097 3305 forma
1115 3270 1141 3307 et

54 3336 113 3386 Jnm
127 3335 213 3381 volens
226 3333 310 3382 redire
322 3333 347 3381 in
359 3331 469 3395 gratiam
481 3344 538 3379 cum
551 3345 581 3378 ea
621 3332 810 3396 pulchritudine
821 3332 998 3383 commendari.
1025 3333 1141 3382 imitatio

52 3424 129 3473 quam
147 3408 289 3470 deperibat,
311 3413 332 3457 l.
354 3408 453 3456 fatetur
473 3421 499 3455 te
518 3419 579 3470 pec·
619 3423 680 3456 vero
688 3416 726 3457 est
737 3408 884 3468 Stesichori,
894 3409 934 3471 qui
948 3424 1003 3457 cum
1014 3409 1140 3457 Helenam

52 3499 138 3533 casae:
156 3489 180 3532 2.
194 3499 242 3532 uon
255 3500 299 3546 pcr
315 3492 474 3533 contemtum
492 3496 519 3531 ae
539 3483 576 3530 fe·
618 3487 743 3551 quandam
763 3487 875 3535 Siculam
896 3486 991 3534 lambis
1004 3483 1141 3547 proscidis-

52 3563 115 3609 cisse
131 3561 274 3622 qiucquam,
293 3558 336 3605 aed
356 3574 401 3620 per
420 3560 491 3619 iram,
508 3573 575 3606 asse·
614 3571 663 3624 set,
675 3562 802 3626 Apollinis
815 3563 917 3610 oraculo
929 3561 1024 3621 primus
1037 3557 1140 3605 Palino-

51 3638 102 3683 rll:
122 3640 145 3682 3·
160 3633 298 3680 vindiciam
312 3631 396 3680 ῠῒῘθΝ·
426 3633 506 3681 Porro
518 3648 574 3695 (1¹¹ae
615 3640 681 3687 diam
702 3655 807 3697 canens,
824 3639 955 3684 oculorum
970 3649 1052 3695 usum,
1063 3648 1136 3697 quern

52 3713 93 3771 rit,
109 3723 219 3773 qumque
240 3716 347 3754 vocetur
366 3706 447 3752 amica
464 3707 507 3752 illa
525 3720 575 3754 uon
615 3715 745 3772 amiserat,
757 3713 863 3772 recepit.

52 3795 160 3835 constat.
192 3783 311 3830 Graiium
333 3795 425 3828 uorucn
450 3782 577 3843 reperitur
641 3793 662 3847 ‚2
677 3789 751 3841 Quem
762 3785 891 3834 criminosis
903 3799 1006 3844 cumque,
1017 3783 1070 3844 iso]
1086 3784 1138 3834 Cri·

52 3861 77 3907 iu
95 3860 246 3924 qiiihusdaru
269 3857 402 3906 codicibus
420 3856 576 3919 inscriptum.
616 3863 691 3911 minis
712 3876 740 3909 se
762 3874 842 3918 neuin,
869 3873 1021 3920 poenamqne
1050 3859 1136 3910 subire

54 3937 102 3983 Alii
128 3941 215 3986 volunt
239 3939 304 3984 linire
328 3949 383 3982 esse
406 3935 573 3994 Tyndaridem
614 3936 754 4001 qiiamlibct
778 3949 804 3979 se
835 3942 952 3993 {roratum
978 3933 1134 3996 profitetur;

54 4011 129 4070 iliam,
139 4015 171 4061 ad
189 4029 264 4078 quiam
282 4013 342 4063 Ode
359 4023 469 4074 sequens
481 4025 575 4060 nuncu·
614 4015 728 4073 ejusque,
743 4022 817 4071 quani
837 4008 911 4070 laesit,
926 4008 1032 4058 arbitrio
1043 4024 1136 4063 crinein

55 4094 112 4144 putu
124 4099 170 4135 cst.
615 4087 750 4149 pcruuttit.
