2408 4200
370 222 587 277 conuiuuu.
606 224 677 272 orn.
699 225 740 274 u.
761 212 814 275 lt.
1072 212 1137 277 oet

474 475 573 542 0DE
608 476 716 543 XIV.

455 643 507 690 AD
531 644 747 695 Postumum.

47 757 240 812 dilectabiliter
256 756 337 808 deflet
355 758 474 808 humane
495 759 556 809 ulto
577 761 749 824 brevitatem
767 768 795 810 et
816 761 951 826 Postumo,
970 764 1008 814 rei
1024 762 1143 816 semilisri

252 837 328 886 nieme
340 844 451 902 attento,
460 838 561 902 susdet,
572 847 601 889 nt
612 840 672 897 sibi,
682 857 733 891 nou
745 840 852 906 heredi,
864 844 944 895 rirst.

221 951 351 1016 Eunu!
373 950 521 1033 fugaces,
536 951 709 1032 Postume,
725 954 899 1034 Postumo,

224 1053 399 1117 Labuntur
413 1053 507 1133 onni3
529 1073 592 1117 nec
607 1056 716 1138 pietus
730 1075 857 1121 moram

267 1132 376 1236 lingis
391 1162 426 1218 et
439 1155 581 1219 instanti
597 1166 744 1223 senectae

310 1253 447 1334 Afferet,
463 1258 697 1341 indomitaeque
712 1262 821 1325 morti.

89 1444 153 1499 Hes,
170 1444 290 1499 Postume.
302 1446 424 1501 Postume,
435 1445 492 1492 nuni
503 1444 550 1492 cito
560 1448 712 1506 pretereust.
748 1445 830 1506 Neque
839 1445 924 1506 religio
934 1460 1017 1508 rugos,
1027 1451 1050 1494 et
1061 1461 1149 1505 urgens

53 1509 155 1562 muse,
169 1507 292 1571 fotumque
308 1509 457 1559 ineluctabile
469 1508 617 1557 retardabit:
634 1522 675 1556 suec
686 1509 709 1556 si
720 1513 800 1556 tauros
809 1510 912 1572 quotidie
923 1515 1036 1560 trecmtos
1047 1511 1150 1558 istruoles

514 1649 545 1670 u
547 1650 696 1671 0000000000

90 1748 148 1800 ode
158 1750 310 1801 duodecima
321 1751 392 1803 Libri
404 1753 487 1816 quinti
498 1751 523 1801 in
533 1753 581 1801 Ed.
593 1749 690 1799 Ssuud.
724 1749 833 1800 Mentel.
845 1749 972 1804 inscribit.
986 1749 1023 1798 De
1034 1751 1150 1799 meoilnte

54 1815 131 1872 nito:
146 1816 242 1865 Venet.
260 1820 332 1865 1492.
348 1818 455 1867 Locber.
477 1825 504 1865 et
522 1816 629 1865 Arcens.
642 1816 681 1863 De
697 1820 772 1862 morte
783 1815 927 1870 iueuitubili,¹
944 1813 1056 1862 Marcilii
1075 1828 1153 1861 mem-

57 1878 157 1939 brene,
167 1881 205 1927 De
215 1881 390 1942 superstitione,
401 1883 426 1930 b.
439 1897 462 1930 e.
482 1888 551 1928 metu
569 1880 714 1928 mortio-1
736 1878 792 1927 Heu
809 1878 854 1927 beu
873 1878 947 1927 Herl.
960 1881 984 1926 l·
1000 1885 1026 1925 et
1038 1879 1153 1926 Floreut.

59 1944 431 1995 1tst.veneu.1tso.1oso.
465 1945 523 1994 Heu
538 1944 634 2006 dissyll.
654 1943 741 1990 Zarot.
764 1949 792 1990 et
811 1943 843 1989 ul.
864 1956 906 2004 ep·
922 1941 992 1992 Junl.
1024 1942 1154 1990 ‘Postume

58 2006 203 2056 Pondectue
222 2009 388 2069 Florentium,
405 2018 432 2058 et
443 2016 572 2073 quotquot
587 2021 696 2070 unquam
713 2006 764 2053 vidi
784 2005 857 2054 boum
875 2014 944 2053 notm
962 2004 1038 2054 codd.
1056 2005 1154 2067 lapides

59 2071 139 2118 etium
149 2071 257 2132 antiqui.
290 2072 429 2122 Lambinus
442 2083 526 2122 tomen
539 2073 624 2135 priore
643 2085 688 2118 sun
705 2069 747 2118 ed.
764 2070 893 2118 Pontiume
904 2069 1054 2130 scripserit,
1064 2083 1152 2118 corium

59 2131 170 2183 tortasse
180 2143 283 2185 secutus
292 2138 485 2201 etymologiam,
495 2138 537 2202 qui
554 2132 760 2184 ‘Postbumum'
778 2134 827 2182 dici
840 2133 939 2196 volunt,
949 2131 1017 2196 qood
1037 2140 1094 2194 post
1106 2133 1153 2179 bu·

55 2204 156 2247 'mutum
170 2207 270 2261 petrem
282 2210 357 2250 uetus
366 2204 409 2260 sit,
420 2204 463 2267 qni
470 2201 588 2251 Accursii
600 2208 628 2248 et
640 2197 784 2261 hujusmodi
794 2198 920 2245 bominum
931 2210 1003 2245 error
1014 2195 1071 2244 fuit.
1091 2197 1157 2244 Rec-

63 2261 114 2310 tine
125 2264 192 2312 enim
204 2264 240 2313 illi
251 2265 293 2329 qni
305 2266 433 2315 Postumus
450 2282 465 2314 e
481 2265 572 2328 ‘post,’
589 2271 618 2312 ut
634 2265 641 2292 ⁸
654 2265 790 2312 extumus'
805 2261 837 2310 nb
855 2260 964 2319 ‘extrs,’
979 2259 1125 2308 ‘citumus'
1142 2274 1157 2307 e

62 2325 164 2388 ‘citrn,'
181 2329 318 2377 ‘ultimus'
334 2330 366 2379 ub
384 2330 481 2379 ‘ultre'
499 2330 596 2378 dictum
608 2325 714 2376 volunt!
732 2327 839 2374 Torreut.
874 2324 1000 2373 Postbume
1009 2323 1116 2371 Wetzel.
1128 2332 1158 2370 et

62 2391 178 2454 quiedam
191 2393 248 2441 sliae
258 2393 318 2442 edd.
353 2395 462 2443 Postume
474 2394 547 2443 Harl.
561 2399 584 2441 1.
595 2397 619 2442 2.
628 2396 652 2441 3.
665 2395 689 2439 t.
701 2397 724 2439 s.
737 2396 760 2439 o.
772 2389 865 2447 ceteri,
883 2398 910 2436 et
922 2402 1009 2436 omnes
1026 2387 1079 2435 iere
1097 2386 1157 2434 edd.

63 2463 174 2506 receutt.
208 2457 275 2507 Vide
292 2458 387 2508 cellar.
406 2459 531 2522 Ortbogr.
550 2458 609 2507 int.
628 2455 670 2505 ed.
687 2454 789 2504 Harles.
803 2457 942 2517 nutu-t
960 2450 1040 2515 Affert
1054 2450 1166 2515 quidem,

561 2583 667 2635 NO‘l'AE

99 2679 213 2728 Metrum
225 2680 292 2730 idem
305 2682 374 2746 quod
386 2698 463 2747 snpra
473 2697 493 2733 s.
506 2681 557 2731 Od.
569 2686 593 2729 9.
665 2685 681 2728 2
697 2680 748 2728 Neo
756 2680 834 2741 pietas
844 2695 941 2740 morem,
951 2677 1004 2742 tro]
1022 2678 1082 2727 Etsi
1091 2679 1160 2727 Deos

100 2759 113 2804 1
134 2754 218 2804 Eleo!
228 2756 342 2822 sugnoer]
371 2760 451 2808 Dolet
463 2761 523 2809 vitae
537 2759 594 2806 bre·
633 2754 1162 2818 colusreligiosissime,buudproindeuita

66 2829 188 2889 vitutem,
202 2833 342 2895 mortisque
354 2832 443 2883 durem
457 2836 595 2883 necessita·
634 2831 766 2893 continget
778 2831 824 2879 tibi
834 2831 988 2879 diuturnior.
1006 2830 1048 2879 lte
1060 2829 1162 2894 quidem

68 2910 129 2952 tero.
162 2904 256 2966 virgil.
274 2905 371 2969 Georg.
391 2922 433 2957 ut.
452 2909 595 2958 ess‘sm
636 2907 759 2956 Etbnicns
783 2910 816 2954 de
836 2905 908 2955 falsis
934 2906 1089 2955 Numinibus
1112 2919 1162 2952 nou

66 2976 134 3041 sugit
151 2978 260 3033 interea.
273 2978 340 3042 fugit
351 2984 519 3043 irreparabile
531 2991 594 3034 teru-
636 2984 710 3032 falso.
745 2984 780 3031 At
799 2985 886 3032 Sacris
901 2998 948 3031 uos
965 2983 1105 3031 Codicibus
1126 2982 1163 3028 iu-

67 3054 131 3118 pus!
165 3055 244 3105 Ovid.
258 3056 324 3106 Met.
340 3070 385 3105 xv.
398 3061 453 3106 ³8³.
470 3060 595 3122 ‘'lempn-
637 3059 729 3107 structi
749 3059 835 3107 multis
847 3059 949 3105 dilatem
966 3070 1015 3120 ope
1035 3056 1084 3105 Dei
1097 3070 1163 3119 prae·

68 3129 278 3194 resicsugiunt!
311 3133 386 3183 Pers.
400 3148 424 3184 v.
437 3138 492 3184 lit.
512 3136 597 3199 ‘fugit
637 3134 750 3197 potentis
784 3138 891 3180 mortem
927 3145 977 3180 non
1005 3131 1164 3195 errtbigimus.

69 3203 149 3256 hort!
638 3211 721 3259 Exod.
733 3224 790 3272 cap.
803 3223 850 3258 xx.
868 3216 896 3258 et
911 3210 1056 3259 Deuteron.
1069 3224 1126 3271 cup.
1139 3225 1165 3258 v.

104 3280 228 3343 Postume]
253 3285 331 3334 Parvi
350 3284 430 3335 refert
451 3301 496 3335 sen
516 3287 598 3350 leges,
638 3285 766 3334 ‘Honora
779 3293 879 3347 putrem
891 3290 918 3333 et
927 3290 1081 3345 matrem,ut
1092 3285 1167 3346 longo

70 3356 195 3414 Postume,
207 3371 257 3417 quo
268 3360 429 3420 significetur
440 3362 529 3412 ultimo
543 3365 599 3413 loco
639 3362 711 3409 virus
723 3368 848 3424 tempore,
860 3376 889 3409 nc
900 3363 966 3410 bene
978 3362 1025 3411 tibi
1035 3362 1068 3410 sit
1078 3361 1104 3408 in
1117 3368 1167 3408 ter·

71 3438 163 3489 ustus,
180 3429 233 3478 sive
243 3431 378 3490 Pustbume,
390 3435 414 3483 id
427 3438 527 3501 est‚qui
540 3445 600 3501 post
641 3438 687 3500 rn,'
698 3441 747 3488 dec.
762 3453 801 3487 iv.
814 3441 878 3502 lieg.
888 3443 928 3488 20.
942 3440 1074 3502 Ezechiae,
1086 3452 1166 3501 usque

71 3507 203 3553 humatum
227 3513 327 3568 petrem
351 3507 377 3555 in
398 3510 481 3559 lucem
505 3512 599 3560 editus.
641 3513 674 3561 ud
687 3520 794 3561 mortem
808 3521 947 3576 aegrotans,
961 3515 1099 3563 sanitatem
1113 3525 1169 3560 ors·

72 3581 125 3629 Hic
143 3594 284 3643 cognomen
297 3588 346 3643 est,
357 3589 386 3630 ut
399 3583 485 3632 volunt
498 3587 601 3648 quidam
643 3589 712 3636 tinne
726 3587 825 3650 piisque
838 3590 957 3651 lucrymis
969 3589 1078 3647 obtinet,
1089 3599 1170 3633 mere-

70 3671 150 3718 patro
173 3666 245 3706 certo
266 3657 318 3705 uixi
341 3656 517 3722 trundenento,
538 3663 601 3711 Julii
644 3669 737 3726 tueque
748 3662 836 3711 audire
847 3666 931 3712 Deum
943 3665 979 3714 ite
989 3663 1168 3726 pollicentem:

72 3732 152 3792 Florl,
161 3731 192 3779 ed
206 3747 282 3796 quem
303 3733 426 3783 llorstius
448 3736 566 3785 inscribit
582 3751 602 3785 ι.
644 3739 723 3787 ‘Vidi
735 3740 862 3802 lacrymas
874 3749 944 3789 tues:
957 3751 1018 3787 ecce
1030 3734 1117 3783 saneti
1128 3744 1169 3787 te:

74 3806 194 3867 Epirus.
206 3817 231 3857 et
243 3811 383 3859 secuudum
394 3811 509 3860 secundi.
535 3813 603 3861 Cou·
644 3820 671 3859 et
683 3813 775 3861 nddnm
791 3814 882 3862 diebus
900 3813 950 3860 tuis
962 3807 1111 3873 quindecim
1127 3827 1170 3861 sn·

68 3881 165 3944 jectori
178 3888 263 3931 tanuen
276 3884 362 3934 dnnda
375 3887 456 3941 venie,
469 3903 525 3935 cum
538 3888 603 3935 certi
644 3888 705 3947 nos,'
717 3891 767 3936 ke.

73 3954 134 4002 nibil
146 3954 248 4004 sliuude
260 3960 385 4021 suppetit.
402 3961 493 4023 virgil.
505 3961 604 4010 AEneid.
676 3968 691 4010 t
710 3964 789 4022 lingis
809 3968 832 4010 et
850 3960 951 4007 instanti
967 3961 1078 4026 senecta]
1098 3964 1171 4014 Defi-

76 4043 113 4079 vu.
126 4034 182 4079 763.
195 4030 261 4079 Geli.
275 4045 305 4081 11.
319 4039 357 4082 lb.
368 4038 418 4082 ἃς.
644 4039 772 4084 cientibus
783 4037 808 4082 in
816 4041 948 4086 senectute
960 4037 1107 4087 humoribus
1118 4041 1176 4087 sub·

140 4110 226 4173 Delpb.
245 4117 268 4158 et
283 4114 341 4161 Ver.
351 4114 415 4162 Cloe.
591 4114 680 4162 llorut.
1085 4118 1111 4166 X
