2408 4200
396 247 601 297 ciuntuuu
628 247 700 296 utu.
723 248 780 297 ιιι.
802 235 833 298 3.
1092 237 1157 305 uui

234 388 301 453 Sed
318 388 489 452 bellicosis
504 387 575 452 fata
590 385 780 465 Quiritibus

236 489 313 551 Hac
328 489 399 570 lege
414 488 500 564 dico,
515 508 555 551 ne
565 488 701 554 nimium
717 490 775 571 pii,

278 589 459 671 Rebusque
471 588 619 666 fidentes,
634 591 734 655 avitae

317 688 424 752 Tacta
439 690 545 753 velint
562 710 713 773 reparare
729 692 852 774 Trojae.

137 823 141 833 ·
232 787 343 870 Trojaa
358 808 533 854 renascens
549 792 629 854 alite
644 792 774 873 lugubri

233 888 385 952 Fortuna
401 891 485 954 tristi
500 890 595 955 clade
610 893 790 969 iterabitur,

275 988 429 1051 Ducente
446 991 600 1054 victrices
618 999 772 1056 catervas

316 1089 468 1172 Conjugo
481 1111 533 1154 me
548 1091 569 1154 J
573 1091 646 1155 ovis
662 1100 696 1155 et
712 1112 836 1159 sorore.
912 1146 915 1153 .

59 1335 104 1381 quo
114 1321 194 1370 nubilo
204 1327 227 1370 et
239 1320 325 1369 imbres
335 1321 441 1369 serunt.
480 1322 565 1370 Verunt
580 1322 635 1380 suto
644 1322 723 1369 sancio
735 1322 848 1370 Romanis
862 1324 949 1371 militia
959 1324 1054 1398 iuclytis
1064 1339 1092 1372 en
1102 1338 1154 1372 cott-

60 1384 159 1444 dits'one,
177 1392 203 1434 ut
220 1401 266 1433 non
277 1387 328 1447 plus
338 1399 407 1447 quom
420 1386 463 1442 sos
474 1391 508 1431 est
526 1385 571 1445 pii,
587 1399 643 1431 nere
653 1386 734 1447 opibus
745 1387 831 1444 innixi,
841 1392 953 1446 satagant
963 1394 1064 1450 antiquo
1078 1388 1155 1445 stojis

59 1450 138 1496 danos
149 1450 291 1497 instaurare.
327 1450 435 1510 Namque
445 1463 496 1496 sors
508 1448 584 1505 Troia
595 1462 719 1508 resurgens
731 1449 842 1506 infaustis
851 1451 963 1512 auspiciis
973 1456 1090 1513 repetetur
1099 1466 1155 1498 coru

60 1510 146 1560 uerum
161 1515 272 1572 luctuoso,
290 1511 456 1575 triumphantis
471 1513 589 1561 exercitus
599 1512 703 1560 ductrice
714 1528 749 1561 nte
759 1514 828 1561 dunis
842 1528 914 1563 uxore
924 1520 947 1562 et
958 1528 1045 1564 sorore.
1078 1515 1108 1563 Si
1118 1519 1155 1561 ter

553 1655 661 1706 NOTAE

91 1788 122 1834 57
140 1783 368 1845 Sedbellicasissoto
381 1788 524 1847 Quiritibus,
533 1786 587 1849 ξω]
659 1791 688 1834 61
715 1787 783 1835 Alite
802 1786 908 1849 lugubri]
932 1785 1028 1835 ‘Male
1048 1787 1112 1847 sti3'
1135 1801 1154 1838 ι.

60 1858 105 1906 Bis
118 1859 174 1922 jam
187 1860 251 1922 dixi,
270 1867 297 1908 et
316 1863 420 1908 tertium
433 1870 534 1921 repeto,
546 1873 587 1908 me
628 1861 680 1909 Od.
695 1867 732 1910 15.
767 1864 806 1910 Ex
826 1865 909 1913 avium
928 1869 1044 1924 aspectu,
1058 1864 1154 1924 rotato,

58 1933 181 1983 Romanis
200 1935 343 1996 indulgere,
359 1942 386 1981 ut
399 1937 450 1982 sint
462 1934 530 1981 orbis
543 1933 588 1981 do·

59 2011 130 2069 utini,
149 2010 194 2057 sed
212 2024 243 2056 eu
262 2015 361 2056 tuntum
382 2010 448 2068 lege,
466 2023 507 2064 oe,
523 2022 588 2068 prae·

63 2094 168 2148 postera
182 2083 245 2132 moti
258 2083 357 2144 pietate
372 2083 397 2129 in
410 2081 518 2144 patriam
530 2097 590 2128 svo·

63 2172 118 2205 rum
135 2172 236 2205 suorum
253 2157 363 2219 Trojatn,
382 2157 439 2219 ejus
457 2171 540 2205 nrttros
561 2164 588 2206 et

61 2240 132 2282 tecta
153 2233 231 2282 uelint
246 2246 376 2296 reparate,
392 2247 458 2281 nevo
471 2234 523 2280 sitis
534 2233 588 2296 opi·

61 2309 145 2358 burae
159 2308 235 2357 rebus
245 2307 493 2371 prosperisfidentes
505 2309 529 2356 id
543 2322 587 2356 uu·

59 2398 135 2448 quum
154 2384 302 2432 moliantur.
336 2384 412 2434 Quod
430 2385 450 2431 si
467 2382 588 2445 iecerint,

59 2461 131 2507 ritulis
152 2460 272 2522 auspiciis
288 2467 315 2507 et
335 2461 397 2508 nlite
414 2460 517 2521 lugubri
532 2458 588 2508 fort·

56 2535 112 2584 int:
129 2536 259 2582 enitituero
270 2535 337 2583 tristi
347 2536 418 2584 clstle
426 2535 518 2583 iterum
528 2534 586 2583 sub·

60 2610 266 2673 rerieturl'tojs,
278 2612 392 2672 quamvis
401 2613 479 2658 inuris
491 2610 586 2672 uitreis,

60 2693 166 2730 auctore
178 2684 254 2730 etiarn
267 2683 397 2746 Apolline,
409 2685 563 2734 stabiliatur.

91 2762 125 2804 ⁵9
141 2756 234 2817 Auitoe]
268 2757 362 2805 AEuenn
385 2774 442 2807 curn
464 2761 587 2824 Trojano·

59 2845 114 2880 rum
127 2831 228 2880 colonia
248 2828 340 2877 ‘Ilium
352 2832 377 2878 in
389 2832 490 2881 ltaliam
502 2833 508 2852 '
528 2848 587 2895 por-

59 2908 124 2957 tauit
142 2910 150 2934 ‘
164 2907 296 2968 uictosque
309 2906 438 2953 Penates!
455 2907 554 2957 AEneid.
568 2923 586 2957 t.

91 2988 124 3032 60
143 2985 215 3031 Tecta
225 2982 298 3029 uelint
309 2997 418 3042 reparare
432 2981 519 3042 Trojoe]
536 2984 587 3030 Pa·

57 3059 113 3110 trini
132 3067 204 3109 certe
223 3058 340 3108 caritatis
353 3057 376 3104 in
391 3058 460 3104 illurn
472 3058 584 3119 antiquae

57 3149 110 3184 stite
131 3134 236 3197 originis
255 3134 338 3181 locunt
357 3133 464 3180 Rotnani
484 3146 585 3178 sensum

628 1942 715 1993 canto,
728 1938 844 1996 auspiciu
855 1939 956 2000 capturi
967 1936 1051 1999 soliis,
1066 1944 1154 1984 notum

628 2017 677 2056 est.

660 2087 691 2130 64
710 2083 814 2146 corone
828 2102 864 2134 nte
874 2085 945 2135 donis
955 2093 978 2135 et
989 2085 1078 2149 sorore]
1095 2086 1154 2134 Vir·

628 2157 672 2219 gil.
684 2159 784 2206 llineid.
796 2173 814 2207 t.
829 2165 868 2208 6⁰.
886 2159 956 2207 ‘Ast
970 2175 1017 2221 ego
1032 2176 1090 2225 quae
1109 2162 1153 2210 Di·

629 2247 686 2280 uum
698 2233 789 2280 incedo
802 2234 911 2296 Regius,
925 2233 1049 2298 dotisque
1065 2237 1098 2285 Et
1115 2252 1155 2284 so·

629 2322 671 2357 tor
682 2315 710 2357 et
723 2309 836 2370 conjux!
868 2309 973 2357 Seruius
984 2310 1047 2358 ibid.
1063 2315 1071 2338 ‘
1085 2311 1155 2373 Pby·

627 2384 691 2446 sici,'
719 2386 813 2449 inquit,
836 2388 844 2413 ‘
857 2386 978 2434 tetberent
1002 2386 1104 2446 Jouetn,
1127 2386 1152 2433 id

628 2470 668 2512 est
690 2463 775 2525 ignem
791 2463 879 2511 volunt
894 2463 1010 2525 intelligi,
1026 2461 1155 2511 Junonem

628 2553 690 2588 vero
710 2538 812 2587 adrem:
830 2546 856 2586 et
877 2540 936 2601 quin
953 2538 1080 2586 tenuitate
1099 2536 1154 2586 lttec

628 2617 757 2665 elementa
778 2617 852 2678 paris
871 2623 940 2674 suut,
958 2614 1080 2664 dixerunt
1098 2628 1155 2662 esse

626 2706 762 2754 germana:
785 2700 813 2740 et
833 2692 950 2754 quoniam
970 2688 1050 2750 Juno,
1070 2688 1155 2738 idest

627 2766 680 2822 siit,
698 2766 750 2828 igni
771 2766 901 2828 subjectns
920 2772 971 2827 est,
982 2764 1044 2827 jure
1064 2779 1154 2826 super-

627 2843 710 2903 posito
728 2844 856 2889 elemento
876 2840 962 2888 mariti
979 2853 1071 2888 nomen
1091 2840 1154 2887 indi·

626 2916 699 2965 tum.'
729 2917 783 2963 Cic.
795 2929 825 2963 ιι.
846 2915 879 2963 de
899 2914 962 2962 Not.
974 2914 1054 2961 Dent.
1073 2927 1097 2960 n.
1112 2917 1155 2961 uu.

627 2990 635 3017 ‘
647 2990 709 3048 Ati,
718 2998 745 3036 ut
757 2990 836 3036 Stoici
848 2989 993 3050 disputant,
1004 2986 1154 3046 interjectus

627 3064 696 3112 inter
708 3077 777 3111 mate
790 3070 816 3111 ei
828 3063 918 3110 coelntn
931 3059 1040 3108 Juuonis
1052 3060 1154 3109 nomina

626 3147 810 3197 cousecruitrr;
827 3151 883 3200 quae
904 3142 946 3183 est
963 3146 1034 3181 soror
1051 3140 1077 3182 et
1094 3149 1152 3183 con·

57 3207 150 3255 babere
173 3225 200 3256 so
221 3210 311 3257 testati
335 3218 393 3256 sont
412 3207 478 3255 band
499 3207 586 3253 semel.
622 3214 671 3276 jux
694 3213 782 3271 jovi„
812 3210 880 3274 quod
903 3217 930 3258 et
951 3209 1091 3258 similitudo
1114 3221 1154 3260 est

58 3283 125 3332 Nam
146 3282 260 3331 deletum
280 3297 295 3330 8
313 3285 342 3332 C·
363 3283 473 3331 Fimbria
495 3283 585 3331 Ci¹¹¹¹ae
628 3289 740 3343 aetlreris,
759 3296 785 3336 et
803 3303 860 3336 cunt
878 3301 908 3334 eo
920 3286 1153 3348 summseonjuttc·

56 3359 143 3419 legato
158 3357 230 3405 lliunt
244 3367 427 3406 restaurarunt.
451 3359 519 3406 Vitle
531 3359 585 3405 biv.
628 3365 673 3411 rio,
707 3361 999 3411 Effoeminaruntautem
1022 3361 1153 3421 entmu-

58 3434 129 3498 Epir.
141 3433 185 3480 lib·
200 3445 319 3481 tttttttttt.
356 3433 466 3496 Appiao.
479 3435 585 3482 Sueton·
626 3439 735 3501 nonique
749 3437 904 3497 tribrterttut,
916 3436 985 3498 quod
997 3435 1060 3483 nibil
1070 3443 1110 3485 est
1122 3451 1152 3485 eu

57 3511 146 3560 Claud.
159 3524 218 3572 cap.
230 3513 270 3556 25.
288 3508 521 3571 ‘Iliensibusquasi
535 3510 585 3556 Ru·
625 3513 743 3562 mollins)
784 3512 904 3561 blacrob.
924 3513 948 3560 in
973 3511 1061 3559 Sarno.
1081 3511 1152 3574 Scip.

57 3600 138 3634 manre
161 3584 246 3645 gentis
270 3583 417 3630 auctoribus
441 3583 536 3630 tributa
560 3584 584 3630 in
626 3573 1153 3651 1,1t.‘Aptul'l'beologus,'iuquit,utu.

56 3673 211 3725 perpetuum
233 3661 343 3709 remisit:
369 3661 478 3708 recitata
499 3668 584 3707 vetere
626 3666 694 3727 piter
714 3674 754 3713 est
775 3664 862 3712 muudi
887 3664 977 3723 anima,
995 3663 1053 3709 ltine
1071 3660 1151 3708 illud:

57 3739 168 3800 epistula
191 3738 286 3786 Grata
306 3738 415 3785 Senatus
438 3737 584 3798 Popttliquo
624 3743 681 3790 ‘Ab
699 3742 765 3792 Jove
786 3741 940 3803 principium
959 3739 1061 3786 lliusae:
1080 3736 1152 3785 Joria

57 3813 166 3860 Rotnani
184 3813 292 3860 Seleuco
315 3813 377 3874 Regi
401 3814 537 3859 amicitiant
558 3820 585 3858 et
625 3815 814 3878 omniaplena'
849 3812 977 3864 Quodalii
990 3812 1080 3858 Poetae
1093 3819 1153 3859 sunt

59 3887 210 3934 societatem
224 3886 372 3935 itadernunt
391 3889 545 3949 pollicentis,
565 3888 585 3934 si
626 3892 734 3939 mutuati
754 3890 785 3936 de
807 3890 895 3946 Arato,
913 3887 955 3948 qtti
978 3886 1010 3931 de
1028 3884 1153 3934 sideribus

59 3963 264 4019 consanguineos
278 3976 334 4008 suos
346 3962 453 4010 Ilienses
469 3964 500 4010 ab
518 3963 586 4010 ouini
627 3966 768 4019 locuturus,
778 3979 792 4010 a
803 3965 884 4019 Coelo,
893 3963 917 4006 in
927 3973 976 4021 quo
988 3967 1047 4006 suni
1057 3958 1151 4022 sideru,

61 4051 139 4086 onore
152 4036 276 4082 itumuues
289 4038 468 4098 pruinosus!
599 4028 604 4035 ⁸
628 4041 761 4089 exordium
772 4033 923 4085 sumendum
935 4033 1152 4093 essedeceruens,
