2408 4200
59 312 105 381 n
511 310 561 361 nr
582 310 673 361 rrrr

103 460 261 537 linatur
274 456 309 523 iu
323 454 476 521 exorato
486 448 584 519 Bruti
595 448 766 515 'iiihoorr
780 440 928 513 Militum
944 448 1004 531 m;
1027 464 1052 513 ι.
1064 446 1136 515 Sat

55 564 240 727 &aaa
252 654 411 721 ramim.
452 650 533 717 Non
551 647 658 715 multo
678 652 756 713 onte
777 646 983 731 Propertius.
1025 648 1138 715 Tibul.

53 758 318 845 hiumam
362 748 675 817 Aliitarneualiter.

53 970 96 1037 U.
110 966 238 1034 (1712.
270 964 319 1029 hi.
334 960 490 1029 AEmilius
502 956 653 1043 lapidas
674 972 713 1021 ιι.
728 952 769 1023 Ῑι.
784 956 959 1024 Munatius
970 954 1134 1021 Plancus.

387 1058 433 1125 A.
447 1056 556 1124 (MP.
592 1056 729 1123 Horatii
742 1062 797 1141 ἢ.
853 1148 857 1155 .

92 1207 145 1274 Gi.
170 1222 225 1271 ιιι.
246 1202 313 1269 0d.
334 1202 388 1266 14.
408 1200 465 1265 tio.
505 1198 683 1265 manniri
705 1196 835 1265 cesari
849 1195 982 1263 diuinos
994 1198 1138 1263 bonores

50 1307 238 1382 decernunt,
260 1313 295 1368 et
316 1302 359 1367 ab
380 1310 422 1363 oo
443 1306 593 1381 ternpore
606 1298 815 1365 Octauianus
829 1303 840 1333 ‘
855 1296 956 1363 Divi’
969 1296 1062 1363 iilius
1076 1316 1140 1380 ap·

49 1406 202 1491 pellatur.
245 1402 310 1465 Dio
325 1413 447 1466 xcvii.
461 1397 514 1462 18.
528 1398 582 1462 lll.

92 1505 132 1569 1.
146 1502 255 1568 AElius
266 1499 385 1564 lamia
399 1496 528 1562 Praetor
541 1508 683 1563 creatur.
713 1490 852 1565 'Incidit
862 1500 937 1565 rixa
957 1499 1045 1565 iuter
1064 1497 1138 1564 Ru·

48 1604 168 1689 pilium
189 1598 312 1680 Remus
334 1603 369 1662 et
390 1597 556 1677 Persium,
582 1617 695 1664 coram
716 1600 822 1664 Bruto
846 1599 983 1681 agitata
1008 1618 1086 1665 curn
1107 1601 1139 1673 ia

48 1699 166 1764 Asiam
188 1704 328 1778 teneret;
362 1716 463 1780 quam
482 1698 662 1781 descnpsit
685 1697 849 1763 Horatius
874 1716 897 1760 ι.
922 1697 993 1762 Sat.
1018 1701 1051 1762 7.
1078 1718 1139 1765 nec

50 1809 157 1864 tamen
171 1797 248 1861 ideo
263 1796 306 1860 ad
322 1796 410 1861 hunc
424 1796 536 1881 ipsum
545 1815 666 1862 anunm
682 1795 811 1880 Ecloga
823 1796 1003 1862 referenda.

90 1898 189 1963 Auno
210 1898 278 1962 fere
301 1901 446 1962 excunte
471 1897 525 1961 bis
547 1902 711 1981 pugnatur
730 1896 820 1980 apud
843 1895 1139 1987 Philippensium

49 1998 258 2064 Macedoniae
285 2003 390 2081 parte,
421 2014 495 2080 quse
529 1997 609 2062 olim
638 1996 682 2062 ad
716 1996 893 2063 Thraciam
926 1998 1138 2080 pertinuerat.

49 2101 170 2165 Brutus
191 2106 225 2162 et
245 2096 383 2164 Cassius
404 2098 485 2162 victi
505 2096 550 2161 ad
572 2103 710 2163 mortem
725 2099 980 2181 compelluntur.
1024 2098 1138 2163 Hora-

48 2203 117 2265 tius
132 2206 211 2283 post
224 2198 364 2264 alterum
377 2197 527 2281 pralium
539 2196 620 2279 iuga
633 2198 774 2264 salutem
791 2199 889 2281 petit.
910 2197 1001 2263 Vide
1018 2216 1058 2262 ιι.
1074 2198 1139 2263 Od.

49 2302 81 2363 7.
94 2301 127 2365 9.
171 2298 251 2364 Νοιι
265 2297 353 2361 aliud
373 2297 497 2362 bellurn
517 2297 683 2362 cruentius
698 2298 792 2363 carde
806 2297 1064 2363 clarissimorum
1079 2297 1139 2363 ho·

49 2402 174 2465 minum
198 2399 270 2462 fuit.
313 2397 433 2460 Vellei.
458 2414 498 2462 ιι.
517 2396 572 2462 71.
614 2396 683 2461 Sed
707 2397 825 2461 codem
847 2404 994 2479 tempore
1018 2396 1139 2462 classis

50 2498 240 2573 Octaviani,
256 2497 340 2560 duce
364 2496 512 2562 Domitio
537 2496 692 2577 Calvino,
715 2499 749 2563 in
769 2499 852 2564 mari
867 2498 976 2578 Ionio,
993 2518 1015 2562 a
1029 2498 1138 2562 Statio

50 2594 170 2660 Murco
184 2603 218 2659 et
233 2593 292 2660 Cn.
310 2596 460 2662 Domitio
474 2595 696 2663 Ahenobarbo
710 2598 910 2681 profligatur.

92 2695 252 2761 Claudius
266 2696 426 2762 Tiberius
442 2699 535 2764 Nero
548 2700 708 2779 nascitur,
726 2715 782 2764 ιιι.
798 2700 876 2766 Kal.
894 2701 1054 2766 Decemb.

145 2907 187 2974 U.
204 2908 243 2973 C.
257 2910 333 2975 713.
376 2911 415 2976 Ιι.
429 2910 606 2978 Antonius.
630 2914 670 2979 P.
685 2914 845 2979 Servilius
861 2914 1041 2978 Isauricus.

388 3010 432 3075 Α.
448 3012 487 3078 C.
501 3013 555 3078 41.
598 3013 733 3079 Horatii
746 3015 800 3098 ii·

94 3143 271 3208 &denuoi
294 3144 489 3228 impunitate
511 3147 611 3212 victis
635 3149 763 3225 oblata,
789 3146 867 3210 dum
892 3146 999 3221 multi,
1022 3146 1056 3209 in
1088 3145 1142 3211 bis

50 3244 232 3326 Pompeius
248 3243 436 3327 Grosphus,
458 3246 594 3312 Horatii
617 3249 742 3313 amicos
762 3248 857 3332 (vido
880 3262 921 3312 ιι.
945 3246 1009 3310 Od.
1024 3245 1086 3330 7.),
1108 3249 1142 3311 in

50 3345 222 3409 Brutianis
237 3344 386 3422 partibus
401 3355 546 3424 manent,
561 3354 661 3431 atque
685 3369 706 3412 a
730 3350 840 3412 Statio
864 3348 981 3411 Murco
1003 3348 1056 3411 vel
1078 3347 1142 3412 Cn.

51 3442 273 3506 Ahenobarbo
288 3444 424 3524 recepti,
439 3446 483 3508 ad
498 3446 577 3510 Sex.
591 3449 791 3532 Pompeium
814 3449 849 3510 in
865 3446 1016 3512 Siciliam
1032 3448 1143 3532 profu-

51 3543 145 3621 giunt
167 3540 253 3623 (Dio
278 3557 400 3605 xcvii.
423 3550 507 3609 extr.
531 3545 653 3612 Vellei.
679 3565 720 3611 ιι.
740 3549 795 3616 72.
818 3558 853 3613 et
873 3547 957 3632 76.),
974 3552 1141 3616 'Horatius

51 3640 149 3723 hujus
164 3640 242 3704 anni
257 3641 353 3706 initio
371 3644 406 3706 in
428 3645 562 3709 Italiam
584 3649 679 3711 redit.
725 3648 882 3729 Magnam
910 3650 945 3712 in
959 3652 1023 3714 boc
1039 3650 1142 3713 reditu

52 3749 284 3824 tempestatem
303 3763 422 3826 passus
445 3747 589 3812 creditur
602 3749 644 3813 ad
661 3751 852 3815 Palinurum
868 3750 1140 3832 promontorium,

53 3849 87 3905 et
102 3844 165 3906 huc
171 3847 246 3930 jam
261 3844 465 3910 Scholiastes
488 3849 592 3911 traxit
615 3866 671 3912 111.
687 3848 751 3913 Od.
773 3851 805 3912 4.
820 3849 873 3912 28.
918 3848 1016 3926 Quod
1032 3855 1142 3912 tamen

53 3962 118 4006 non
132 3963 221 4025 opus
235 3953 300 4021 est,
315 3960 390 4008 eum
405 3949 438 4010 in
452 3948 517 4012 isto
528 3951 634 4013 reditu
647 3952 772 4033 potina,
788 3970 887 4032 quam
901 3949 968 4011 alio
985 3955 1142 4030 tempore,

54 4045 100 4113 ibi
116 4044 331 4125 periclitatum
354 4067 439 4111 esse.
485 4049 569 4113 Item
593 4052 634 4115 ad
657 4053 777 4127 navim,
801 4071 866 4133 qua
892 4049 1039 4126 redisset,
1061 4069 1142 4133 quo-
