2408 4200
408 285 442 345 ιι.
465 282 623 331 aunarii
649 282 781 330 nascor

221 425 425 506 Langncscit
439 425 528 501 mihi,
542 444 601 489 nec
617 426 754 509 pinguia
769 419 913 490 Gallicis
1091 422 1137 486 35

394 524 560 589 Crescunt
573 526 694 590 vellera
708 526 865 608 pascuis;

224 625 419 709 importuna
433 632 543 690 tamen
559 626 731 708 pauperies
747 626 861 704 abest;

225 725 310 801 Nec,
327 728 356 789 si
373 727 465 809 ptura
482 729 589 803 ratim,
604 736 641 791 tu
656 727 734 791 dare
749 727 903 806 deusgea.

222 826 398 891 Contracto
413 826 532 890 metius
548 845 653 909 parva
669 824 822 910 cupidine

392 924 581 1006 Vectigalia
595 928 771 1009 porrigam,

225 1025 335 1104 Quam
352 1027 381 1091 si
396 1025 588 1110 Mygdoniis
603 1046 737 1110 regnum
755 1026 902 1110 Alyattei

50 1223 1141 1287 unwamrssun,uqutssepnrtmermrtacduaemu:agn·

52 1290 337 1349 uisegestaamedest:
353 1287 761 1361 mmmmtsdom
775 1288 869 1337 natas
883 1302 1009 1337 recm-
1041 1287 1141 1346 Bais!

53 1353 240 1401 tritstamtsasr
251 1353 352 1410 facilius
369 1353 496 1411 smmis
507 1349 1140 1416 upuiuu,qmrttqttaeatsimogrtst’tq·

509 1496 685 1516 NOMW

51 1607 161 1668 qnidam,
173 1615 200 1652 ιιι
213 1605 285 1653 Harl.
296 1611 320 1654 2.
334 1606 411 1654 Brod.
423 1608 481 1654 San.
490 1607 556 1656 ΑΙιι.
570 1614 592 1657 1.
603 1613 626 1658 2.
643 1610 712 1673 lips.
727 1616 747 1659 1.
760 1611 830 1673 Lips.
840 1613 864 1658 1.
876 1625 891 1658 a
901 1624 935 1658 ru·
945 1623 997 1658 asc.
1011 1609 1079 1671 Lips.
1088 1613 1140 1658 4.·

51 1686 84 1715 ιιι.
102 1684 140 1729 pr.
162 1668 248 1716 Zarot.
267 1677 320 1716 tres
339 1670 452 1718 Mediott.
470 1670 575 1720 Veneta.
594 1674 701 1722 lother.
719 1683 747 1722 et
765 1675 871 1723 ascens.
888 1674 1031 1720 'Coum
1043 1681 1141 1732 prater

53 1735 233 1780 auctoritatem
245 1733 320 1781 codd.
332 1734 410 1781 etiam
422 1734 501 1796 magis
515 1734 703 1785 Horatianum!
719 1739 788 1786 desi.
823 1737 879 1787 Hoc
890 1736 983 1784 habeut
992 1734 1064 1783 Harl.
1078 1739 1101 1782 1.
1114 1739 1141 1784 8.

51 1801 75 1843 t.
88 1801 112 1844 ⁵.
122 1802 145 1844 a
161 1797 228 1858 trips.
240 1801 264 1844 ⁶2.
278 1798 353 1844 Dera.
367 1802 387 1844 l.
397 1801 421 1844 2.
439 1810 527 1845 omnes
540 1800 582 1847 atii
594 1810 622 1849 et
634 1800 693 1850 edd.
703 1807 813 1850 recautt.
830 1801 945 1848 Gasima
955 1799 1057 1847 canter.
1070 1797 1139 1847 Nos.

52 1861 137 1909 Lectt.
150 1875 189 1907 iv.
200 1867 224 1909 2.
236 1875 268 1908 ex
278 1861 607 1923 membraniaginrprubaute
618 1865 768 1916 διαὶ-111·
781 1865 910 1925 Vectigalia
920 1863 1027 1923 colligam
1036 1859 1140 1909 emend·

51 1925 144 1972 Sanad.
156 1923 297 1972 infeliciter
307 1935 332 1971 et
346 1926 413 1973 natta
425 1928 600 1978 necessitate·
615 1930 745 1979 dani-tt
765 1932 772 1955 ‘
786 1929 905 1993 diademis
916 1940 994 1976 error.
1020 1925 1139 1987 Aigattici

51 1990 91 2034 vet
104 1988 241 2051 Hatgattr'ci
254 1989 327 2049 vulgo
339 1990 415 2036 editt.
426 1990 493 2054 anod
512 2006 558 2054 pro
570 1995 745 2056 patronymico
762 1993 888 2042 habebant
902 1989 1006 2039 Arcens.
1016 1988 1138 2037 Torreat.

52 2051 102 2103 atii,
114 2057 141 2099 et
152 2051 318 2113 explicabant
330 2052 454 2116 emaum,
467 2052 581 2118 Alyattis
590 2056 678 2106 titium.
706 2057 757 2106 Sed
770 2065 843 2106 recte
851 2056 880 2105 Τ.
894 2055 976 2103 Faber
987 2053 1018 2101 atr
1030 2051 1140 2113 Alyatte

52 2114 254 2176 patronymicum
264 2130 321 2164 essa
331 2117 466 2180 ,tigurium
477 2121 589 2182 negarit.
623 2122 696 2170 Unde
708 2121 763 2183 ipse
775 2120 894 2168 emendat
907 2118 1016 2182 mered.
1038 2116 1073 2164 At
1084 2116 1140 2178 im

54 2179 137 2226 Beati.
150 2178 224 2233 vidit,
244 2180 269 2227 id
289 2195 338 2229 non
360 2184 457 2230 rectius
472 2183 583 2242 habam
600 2198 683 2246 ueqrre
703 2184 770 2231 enim
790 2197 845 2230 csse
864 2183 1077 2245 patronymicum,
1092 2179 1141 2227 aad

50 2244 231 2306 possessivum,
250 2251 287 2305 ut,
307 2245 433 2304 Laertius,
456 2247 660 2301 Laomedontius,
671 2247 754 2311 qrratia
772 2259 900 2306 nunqnam
913 2248 968 2293 sinc
980 2243 1142 2294 substantivo

543 2400 645 2450 Nom

53 2507 109 2553 bern
132 2506 304 2553 incoluerunt.
339 2504 404 2552 Vide
424 2518 442 2553 1.
464 2503 515 2552 (td.
537 2508 576 2552 2⁰.
616 2503 854 2565 Nobilissimum
874 2501 1148 2555 tertiataudatuvis!

50 2586 75 2631 ia
96 2583 156 2642 fine,
178 2584 220 2630 nbi
243 2582 274 2629 de
298 2581 437 2630 Formianis
456 2580 575 2641 coitibus,
615 2578 682 2627 Ptin.
701 2583 812 2629 νιιι.48.
832 2579 899 2626 idem
917 2583 1036 2633 testatur.
1054 2577 1143 2627 addit·

50 2657 155 2716 vitibus,
169 2658 239 2704 uino.
617 2669 675 2718 que,
686 2656 693 2681 ‘
703 2656 760 2704 atha
772 2653 983 2718 Circumpadanis
995 2654 1065 2701 uuita
1073 2669 1141 2717 pra·-

82 2740 112 2781 15
132 2731 284 2794 lamecu]
311 2732 354 2780 Sic
373 2731 426 2781 Od.
443 2746 504 2783 xxi.
519 2748 575 2798 seq.
615 2728 713 2781 fertur.¹

51 2815 57 2838 ⁸
72 2808 230 2871 languidiora
247 2807 317 2856 vina'
335 2809 408 2870 pouit
427 2823 473 2871 pro
488 2810 577 2872 cirqui—
646 2811 678 2855 ³8
696 2808 756 2866 Nec,
770 2808 791 2854 ai
806 2807 874 2868 ptura
889 2805 967 2865 actim,
984 2811 1011 2852 tu
1026 2807 1082 2853 dure
1100 2807 1143 2854 de·

50 2887 115 2945 sitis,
130 2884 162 2933 ob
182 2885 357 2934 maturitatem
372 2900 447 2948 qrram
460 2893 575 2934 vetristas
615 2882 697 2946 aeger]
708 2883 751 2931 tta
761 2881 896 2930 Macenati
908 2881 1002 2943 gratias
1014 2880 1076 2942 agit,
1086 2880 1142 2928 tau·

51 2963 148 3009 attulit.
615 2959 725 3024 demque
735 2960 826 3008 tribuit
836 2959 938 3020 egregie
948 2957 1028 3005 Poiita
1037 2959 1140 3018 accepti

86 3039 136 3086 Nec
145 3037 243 3099 pinguia
256 3035 356 3085 Gotticis
367 3037 480 3087 Crescunt
492 3038 577 3085 ueitera
617 3036 733 3084 beneficii
747 3049 842 3083 memor
852 3040 878 3082 et
891 3034 968 3082 toties
981 3047 1073 3095 praeco.
1091 3032 1141 3081 Vi·

50 3113 154 3174 ριιοιιὶι]
174 3114 228 3162 Nec
240 3113 301 3160 mitri
313 3120 372 3161 sunt
382 3126 473 3174 greges
483 3112 577 3173 tanige·
616 3110 648 3158 de
662 3125 690 3159 ιι.
708 3111 756 3157 Ort.
775 3114 813 3157 18.
830 3112 868 3156 la.
882 3114 909 3154 et
925 3108 1008 3169 Epod.
1021 3121 1039 3156 ι.
1049 3107 1084 3155 sic
1101 3108 1140 3155 ei-

51 3190 72 3234 ri
96 3190 119 3234 in
138 3188 329 3249 praepinguibus
350 3187 443 3235 Gattiae
466 3187 578 3248 pascuis,
616 3186 673 3232 dem
686 3183 792 3232 scribit:
808 3182 893 3230 ‘Satis
904 3196 1032 3247 superque
1044 3197 1083 3231 me
1095 3182 1140 3231 be·

51 3263 132 3306 tanam
143 3259 277 3307 afferentes
291 3262 498 3312 laudatissimam.
527 3262 574 3308 Co·
616 3259 727 3318 nignitas
741 3265 783 3304 tua
796 3256 914 3304 Ditavit.’

50 3333 145 3379 tunrett.
168 3332 211 3380 tib.
231 3348 292 3381 vrri.
311 3335 344 3381 de
361 3337 451 3383 ovibus
463 3334 575 3384 emendis
647 3335 679 3378 89
697 3332 824 3378 Contracta
837 3332 919 3380 mlius
934 3349 1007 3394 parua
1022 3333 1141 3394 cupidine,

50 3409 86 3454 ita
97 3407 203 3454 scribit:
221 3408 348 3456 ‘Generis
358 3409 574 3456 eximiiCatabras
613 3404 666 3466 isc]
688 3405 774 3453 Vitam
802 3403 903 3454 facilins
927 3406 1083 3463 sustentabo,
1111 3415 1140 3455 ct

51 3479 198 3541 Apulasque
222 3481 316 3527 milites
341 3482 418 3527 nostri
445 3482 573 3529 existima·
614 3482 706 3544 exigua
716 3482 824 3543 pendam
835 3483 1068 3543 vectigatia,puuca
1078 3494 1139 3540 pos-

51 3557 122 3617 bant,
141 3566 279 3615 carumque
292 3554 401 3613 optimas
412 3554 573 3605 Tarentinas.
614 3557 709 3611 sidens,
726 3559 835 3621 quamsi
849 3559 963 3617 ingentes
982 3553 1085 3600 habenti
1097 3554 1138 3602 di.

51 3633 127 3681 Nunc
144 3629 249 3678 Gatticae
263 3630 425 3689 pretiosiores
439 3632 574 3693 habentur,
615 3634 688 3680 vitias
707 3648 798 3695 magna
812 3630 916 3694 perinde
933 3627 1030 3675 tributa
1046 3639 1139 3679 essent

51 3720 186 3768 eurumque
205 3704 343 3768 praecipuas
358 3704 504 3754 stannes:
530 3709 574 3757 At·
615 3707 777 3766 cxsotveuda.

51 3786 132 3834 tinum
152 3780 211 3829 urbs
227 3780 287 3829 otim
305 3782 431 3841 praeclara
447 3783 573 3845 Venetia,
646 3787 675 3830 tt
697 3781 803 3836 Quanti
819 3776 956 3839 Mygdoniis
966 3791 1072 3838 regnam,
1083 3779 1139 3844 isa]

52 3875 109 3921 qum
123 3858 191 3918 regio
207 3855 298 3905 Gattiae
310 3854 573 3916 Transpadanreerat.
615 3859 698 3909 Quam
721 3857 742 3903 si
765 3861 831 3903 totas
855 3852 974 3916 Phrygiae
997 3855 1139 3918 Lydiaeque

51 3935 130 3982 latiur
143 3933 250 3994 regionis
260 3939 338 3994 atque
348 3930 416 3980 urbis
427 3931 496 3979 tauns
505 3948 573 3981 coru·
615 3947 676 3996 opes
698 3930 861 3996 possiderem.
895 3929 961 3976 Vide
982 3943 1013 3979 ιι.
1031 3929 1083 3978 0d.
1099 3934 1138 3979 tu.

51 4009 156 4055 mandat
172 4008 285 4056 Martiat.
306 4013 432 4057 xlv-1⁶5.
451 4009 573 4058 ‘velleri
616 4009 662 4056 sub
675 4008 761 4055 tinem.

53 4079 98 4125 bus
116 4083 202 4139 primis
225 4082 328 4144 Apulis,
346 4085 438 4134 Parma
457 4086 574 4135 secundis
647 4082 754 4142 Regnum
767 4080 873 4144 Alyattei
890 4077 1031 4143 [Atyarrr'ct]
1048 4079 1139 4141 Atyat.
