2408 4200
150 275 199 323 DE
223 273 363 323 nuum
387 275 559 329 nomn.

35 415 112 477 Odoe
129 419 179 477 37.

26 531 35 572 e
76 515 106 572 9.
127 512 230 584 Vides,
247 523 280 572 ut
293 512 354 571 olto
368 521 427 571 stet
441 512 507 571 nire
518 511 689 574 candidum.

62 612 108 668 16.
131 608 157 667 0
173 622 265 668 matre
279 607 402 689 pulchra
415 608 476 666 iiiia
490 608 647 686 pulchrior.

61 706 107 764 17.
130 704 227 764 Velox
241 723 388 764 amoenum
403 711 482 783 soe'pe
497 704 681 764 Lucretilem.

58 800 108 858 26.
131 799 227 858 Musis
240 797 366 870 amicus,
387 798 534 858 tristitiom
549 810 579 858 et
592 812 698 860 metus.

58 897 110 955 27.
132 894 218 954 Natis
233 895 263 954 in
277 914 363 954 usum
378 895 490 954 laetitiae
505 895 634 974 scyphis.

60 994 110 1051 29.
133 993 201 1063 lcoi,
215 993 309 1051 beatis
325 1011 402 1051 nunc
417 992 548 1052 Arabum
562 991 686 1051 invides.

59 1089 107 1147 31.
130 1086 208 1154 Quid
224 1085 392 1147 dedicatum
408 1087 504 1165 poscit
523 1085 699 1167 Apollinem.

61 1185 110 1243 34.
131 1179 242 1242 Parcus
257 1183 386 1242 Deorum
401 1181 497 1243 cultor
510 1194 540 1242 et
552 1182 736 1262 infrequens.

63 1279 112 1339 35.
134 1278 161 1336 Ο
177 1278 254 1338 Dira
269 1291 385 1357 gratum
399 1298 467 1357 quoe
480 1279 557 1357 regis
569 1279 700 1338 Antium.

62 1379 111 1437 37.
133 1378 221 1435 Nune
235 1386 281 1434 est
294 1374 464 1443 bibendum,
476 1394 554 1434 nunc
570 1374 644 1452 pede
660 1376 761 1434 libero.

87 1476 114 1533 1.
136 1472 251 1531 Motum
262 1490 298 1531 ex
312 1469 434 1529 Metello
449 1469 571 1529 console
586 1470 719 1529 civicum.

86 1573 115 1629 3.
137 1569 264 1646 AEquam
278 1575 425 1625 memento
440 1569 527 1625 rebus
539 1568 567 1624 in
583 1563 694 1625 arduis.

85 1669 115 1726 5.
136 1662 276 1723 Nondum
291 1664 414 1722 subacto
427 1662 501 1720 serre
511 1661 616 1738 jugum
632 1662 721 1719 valet.

83 1763 113 1821 7.
137 1759 164 1817 Ο
180 1779 260 1839 saepe
275 1778 389 1818 mecum
404 1769 519 1835 ternpus
534 1758 564 1815 in
579 1757 722 1815 ultimum.

83 1862 113 1917 9.
136 1857 205 1915 Non
220 1874 333 1934 semper
348 1855 454 1914 imbres
469 1854 595 1912 nubibus
610 1851 756 1930 hispidos.

68 1954 114 2009 11.
136 1949 214 2018 Quid
227 1949 387 2008 bellicosus
402 1949 561 2017 Cantaber,
575 1960 606 2005 et
620 1948 756 2027 Scythes.

69 2047 114 2103 13.
137 2044 190 2103 Ille
205 2053 236 2101 et
249 2044 365 2101 nefasto
380 2055 408 2101 te
423 2043 523 2121 posuit
537 2041 597 2100 die.

66 2141 116 2198 14.
139 2139 240 2197 Eheu!
262 2137 396 2217 fugaces,
411 2139 583 2208 Posthume,
599 2137 772 2196 Postbnme.

70 2239 116 2295 15.
137 2237 205 2294 lam
220 2255 315 2314 pauca
330 2246 426 2294 aratro
437 2236 543 2313 jugera
556 2234 654 2309 regiae.

67 2333 115 2389 17.
138 2332 199 2389 Cur
213 2350 258 2389 me
272 2329 398 2406 querelis
413 2329 563 2386 exanimos
579 2328 647 2384 tuis.

69 2426 114 2482 19.
136 2424 285 2482 Bacchum
301 2424 329 2478 in
346 2423 463 2480 remotis
478 2421 608 2479 carmina
623 2420 753 2496 rupibus.

64 2522 112 2577 20.
136 2519 203 2576 Non
217 2519 337 2586 usitata,
352 2536 406 2575 nec
421 2519 500 2575 tenni
517 2518 601 2574 ferar.

88 2616 112 2672 l.
135 2612 192 2669 Odi
208 2614 363 2690 profanum
376 2614 494 2687 vulgus,
509 2625 539 2670 et
554 2631 650 2669 arceo.

87 2712 116 2766 2.
140 2708 316 2784 Angustam,
332 2709 427 2776 amici,
442 2709 609 2785 pauperiem
623 2709 694 2785 peti.

87 2807 115 2861 3.
137 2804 256 2860 Justum
271 2814 301 2861 et
315 2813 448 2860 tenacem
464 2803 604 2881 propositi
622 2802 724 2859 virum.

85 2902 115 2956 4.
139 2896 295 2956 Descende
309 2897 394 2968 coelo,
409 2911 438 2955 et
453 2898 500 2954 dic
515 2917 569 2974 age
585 2899 664 2957 tibia.

86 2997 115 3050 5.
138 2992 221 3050 Coelo
235 3001 387 3050 tonantem
401 2992 578 3050 credidimus
593 2995 708 3053 lovem.

84 3088 113 3147 6.
137 3088 254 3145 Delicta
269 3089 408 3165 majorum
424 3090 581 3147 immeritus
597 3089 672 3149 lues.

70 3187 117 3242 17.
141 3182 208 3253 AEli‚
223 3195 338 3241 vetusto
353 3185 459 3241 nobilis
476 3186 512 3241 ab
530 3187 629 3244 Lamo.

66 3280 115 3335 21.
139 3278 164 3335 0
179 3289 249 3335 nato
263 3298 376 3336 mecum
391 3281 514 3338 consule
530 3283 654 3340 Manlio.

66 3377 116 3431 23.
139 3373 222 3430 Coelo
239 3377 358 3451 supinas
374 3376 398 3433 si
413 3378 514 3434 tuleris
530 3398 644 3434 manus.

66 3468 115 3525 26.
138 3468 204 3524 Vixi
224 3470 329 3546 puellis
345 3490 435 3547 nuper
450 3471 583 3528 idoneus.

68 3564 117 3621 29.
140 3563 292 3640 Tyrrheno
308 3583 407 3641 regum
424 3566 590 3641 progeniem
603 3567 665 3624 tibi.

86 3663 115 3716 4.
138 3658 262 3724 Qualem
278 3661 441 3717 ministrnm
457 3661 585 3719 fulminis
602 3663 709 3722 alitem.

87 3759 115 3814 9.
140 3756 184 3813 Ne
199 3757 272 3814 sorte
288 3757 391 3814 credas
411 3759 573 3827 inter-ituro,
588 3779 663 3834 qnoe.

71 3852 116 3910 14.
139 3851 213 3916 Quae
229 3865 437 3928 compatrum,
457 3874 558 3928 queeve
576 3855 741 3918 Quiritium.

72 3950 116 4004 15.
139 3947 267 4004 Phoebus
283 3945 426 4004 volentem
443 3948 543 4023 preelin
559 3968 603 4005 me
619 3948 707 4023 loqui.

36 4090 161 4129 neurus:
179 4083 209 4129 ut
221 4094 245 4132 1.
258 4073 316 4131 Od.
331 4076 375 4130 11.
388 4093 454 4150 quie
467 4087 510 4132 est
525 4073 707 4130 Monocolos.
738 4074 797 4127 Suo
