2408 4200
47 246 93 315 ts
391 256 447 313 nn>
467 260 608 315 uernis
631 264 804 315 nossrsr.

55 450 58 455 -
92 407 412 467 Dscrrtr‘rsrrsarsusr
422 422 533 465 ossus
547 425 556 464 ι
572 412 606 464 ut
621 422 667 465 tv.
684 404 744 464 Od.
758 408 788 465 7.
800 424 869 484 ques
882 415 930 467 est
940 404 1061 467 Dicoios
1073 404 1144 465 Dis·

50 501 182 583 trophos.
203 499 320 562 Primus
330 500 568 581 quisqusrersus
581 510 630 560 est
642 498 787 559 Heroicus
796 498 975 565 Hexsmster
983 500 1145 563 natussu-

51 616 124 751 cusdz
147 596 264 677 qualis:
288 595 467 657 Laudabunt
479 594 529 655 alii
542 592 653 656 olsrnm
666 593 808 667 Rhodon,
822 606 873 657 sut
883 597 1067 677 Mitylenen:
1085 596 1143 657 boc

50 710 175 853 gitis--
195 801 361 866 flerent-w
379 814 425 851 vso
436 800 569 853 rede-w
589 802 750 866 natjan
771 800 958 867 gantos-w
976 800 1125 863 camnis--

90 897 245 959 Secundus
260 897 385 975 quisque
398 904 446 955 est
459 893 634 975 Dactylicus
647 895 852 957 Archilochius
876 896 1008 955 Dimeter
1028 895 1143 975 Hyper·

50 994 230 1054 catalectus:
254 1002 396 1051 constans
411 988 530 1050 duobus
545 990 681 1071 Dactylis
695 1004 727 1052 et
740 991 872 1072 syllabut
886 991 943 1053 hoc
957 990 1064 1051 modo:

112 1103 280 1155 Artori-w
297 1101 510 1167 bnsqneoow
530 1116 606 1151 mn-

275 1193 316 1203 --
363 1188 423 1216 -w
454 1188 515 1219 -w
545 1192 586 1202 --
617 1189 677 1219 -υυ
708 1193 750 1205 -·

386 1252 446 1280 w
493 1252 553 1281 ’W
605 1256 622 1265 ·

51 1325 242 1386 Decimitsrtii
256 1325 370 1403 generis
385 1323 452 1385 Ode
466 1343 535 1385 una.

50 1423 113 1482 Lib.
131 1440 176 1480 rv.
212 1421 278 1481 Ode
293 1424 322 1480 7.
344 1419 496 1500 Diffugere
515 1420 610 1491 nives,
633 1418 757 1481 redeunt
774 1420 837 1500 jam
860 1421 993 1501 gramina
1017 1420 1140 1499 campis.

91 1550 422 1614 Decrsruuoussuusr
437 1565 548 1609 ossus
560 1566 569 1606 t
583 1545 721 1625 ntEpod.
738 1566 762 1608 r.
786 1568 853 1627 qnoe
875 1559 922 1608 est
937 1548 1058 1609 Dicoios
1073 1546 1143 1605 Dis·

50 1645 184 1723 trophos.
209 1643 324 1704 Primus
336 1645 462 1723 quisque
472 1662 575 1703 versus
586 1652 634 1703 est
644 1642 791 1703 lumbicus
800 1643 1022 1723 Hipponactcus
1030 1643 1141 1702 Trime-

50 1751 94 1799 ter
107 1738 317 1801 Acatalectus:
344 1749 487 1799 constans
505 1759 523 1799 e
545 1758 597 1799 sex
616 1738 744 1799 lambis:
771 1749 890 1818 recepto
911 1750 1009 1798 tumen
1024 1738 1053 1796 in
1068 1737 1141 1796 locis

49 1835 209 1916 imparibus
224 1836 312 1894 etiam
327 1833 495 1913 Spondseoz
520 1834 577 1895 hoc
590 1832 680 1894 modo
691 1854 706 1907 t,

115 1947 221 1997 ibis--
244 1945 372 1995 Liburv-
393 1944 522 1995 sisinn
542 1946 667 1997 teratu·
688 1952 808 1996 tunsu-
828 1947 950 1997 rinmw

90 2058 244 2119 Secundus
259 2059 384 2137 quisque
398 2068 445 2118 est
458 2057 607 2117 iambicus
621 2056 826 2118 Archilochius
842 2058 972 2117 Dimeter
987 2057 1141 2117 Acatalec-

49 2166 117 2215 tus:
144 2166 286 2215 constans
298 2174 314 2214 e
328 2164 456 2233 quatuor
470 2154 597 2213 lambis:
619 2164 738 2232 recepto
760 2165 858 2214 tamen
882 2154 912 2212 in
931 2152 1004 2212 locis
1026 2153 1141 2232 impari-

48 2252 104 2310 bus
120 2252 208 2311 etiam
224 2250 395 2331 Spondaeo;
417 2249 475 2310 hoc
488 2249 596 2309 modo:

148 2362 410 2424 Amic-ceproo-
431 2375 569 2424 pugna„
590 2358 704 2410 coinw

404 2451 442 2459 ⁴·
474 2447 513 2472 υ-
546 2449 585 2458 --
616 2446 655 2471 υ-
687 2445 724 2471 υ-
756 2445 800 2471 w

487 2513 503 2521 -
533 2509 573 2535 υ·
604 2513 644 2521 ·-
676 2509 719 2535 υυ

50 2582 263 2656 Decimiquarti
278 2582 392 2658 generis
408 2578 483 2637 Odae
501 2583 547 2638 10.

91 2673 184 2752 Epod.
250 2694 274 2732 1.
298 2674 356 2731 lbis
372 2673 506 2733 Liburnis
520 2674 596 2732 inter
610 2673 671 2732 alta
686 2674 812 2733 navium.

234 2788 274 2828 rr.
298 2768 408 2826 Beatus
422 2768 483 2839 ille,
496 2768 548 2846 qui
563 2767 665 2846 procul
682 2770 818 2847 negotiis.

220 2885 275 2924 111.
297 2864 431 2922 Parentis
445 2863 514 2922 olim
528 2863 620 2942 siquis
636 2864 725 2941 impia
740 2883 839 2922 manu.

229 2979 275 3019 rr.
297 2959 386 3039 Lupis
400 2969 429 3018 et
443 2959 528 3036 agnis
543 2968 655 3036 quanta
668 2959 770 3017 sortito
782 2958 897 3036 obtigit.

245 3075 275 3111 v.
298 3055 368 3112 Ato
385 3053 513 3112 Deorum
527 3052 660 3130 quisquis
675 3053 705 3109 in
720 3052 796 3111 coelo
810 3053 897 3131 regis.

226 3168 272 3207 vr.
295 3145 374 3214 Quid
389 3149 574 3206 immerentes
589 3147 721 3226 hospites
735 3167 836 3218 vexas,
847 3147 940 3206 canis.

209 3263 271 3304 rrr.
294 3244 372 3312 Quo,
387 3262 445 3322 quo
461 3243 578 3302 scelesti
594 3241 700 3301 ruitis?
728 3255 778 3302 aut
793 3264 844 3302 cur
859 3243 997 3301 dexteris.

195 3359 272 3398 vrri.
297 3340 413 3416 Rogare
428 3337 517 3415 longo
533 3338 665 3415 putidam
681 3350 709 3397 te
725 3338 844 3397 soeculo.

219 3454 268 3492 tx.
292 3433 420 3499 Quando
434 3443 585 3512 repostum
600 3435 761 3492 Caecubum
777 3433 814 3491 ad
830 3434 920 3491 festas
936 3431 1037 3509 dapes

236 3549 268 3585 x.
292 3528 374 3585 Mala
390 3530 486 3587 soluta
501 3531 584 3586 naris
601 3530 660 3587 exit
675 3529 754 3586 alite.

91 3664 413 3725 Dscrnruruourrurusr
430 3679 558 3719 ossus:
572 3660 710 3740 utEpod.
729 3682 776 3719 xr.
796 3683 863 3739 quac
875 3662 1051 3720 estDicoios
1068 3663 1134 3717 Dis-

49 3759 179 3836 trophos.
205 3758 319 3815 Primus
331 3759 455 3834 quisque
464 3777 565 3816 versus
580 3768 625 3814 est
641 3758 785 3815 iambicus
797 3758 1017 3838 Hipponacteus
1028 3755 1134 3812 Trime-

49 3865 92 3909 ter
107 3854 312 3911 Acatalectus:
334 3855 429 3930 qualis
445 3854 511 3912 ille:
533 3854 591 3910 ibis
612 3855 745 3912 Liburnis
766 3856 840 3913 inter
855 3855 914 3912 alta
928 3853 1060 3917 navium3
1077 3849 1133 3908 hoc
