2408 4200
367 227 573 278 einutuuu
598 225 670 275 uir.
694 228 745 278 ιν.
764 212 798 277 3.

219 368 341 445 Matre,
356 369 414 450 qui
428 367 530 449 lurgis
539 366 730 450 juvenescit
741 367 853 431 herbis

481 467 522 530 lu
537 487 614 532 mee
628 475 722 545 vete,

221 569 344 632 Fronte
359 576 520 631 curvatos
535 568 688 631 imitatus
706 566 797 648 ignes

219 670 366 735 Tertium
380 669 486 733 Luuae
501 668 673 732 referentis
688 672 809 744 ertum,

221 769 299 847 Qun
314 776 427 833 uotam
443 768 551 846 duxit,
567 770 686 833 niveus
702 767 819 842 videri,

480 867 737 933 Geterefulvns.
1101 875 1146 938 60

53 1031 135 1066 sesses
151 1018 223 1065 metri
237 1016 379 1077 subnectas,
394 1016 434 1078 oroi
449 1016 533 1065 ereren
548 1015 574 1064 is
590 1013 719 1064 anemuri
732 1012 849 1075 gramm,
862 1017 958 1074 propter
973 1028 1049 1068 m
1062 1021 1141 1065 emm

52 1082 221 1130 excolendus.
267 1080 294 1127 le
310 1080 394 1137 fronte
411 1081 535 1128 ementur
551 1078 643 1128 lunen
665 1078 785 1125 inrum
798 1075 872 1124 tertie
891 1077 921 1123 el
936 1081 990 1124 ertu
1010 1079 1048 1126 dis
1063 1081 1142 1128 erdes-

52 1150 154 1266 milesne:
171 1158 199 1192 oe
213 1148 282 1206 ports
292 1142 387 1204 insuper
398 1143 517 1191 centres&
527 1147 608 1190 notem
617 1155 663 1204 ose
676 1144 794 1203 spendor
804 1139 857 1189 sies
867 1139 998 1197 candidior,
1008 1140 1035 1188 is
1045 1140 1143 1204 reliquis

505 1280 687 1302 enmono

53 1394 105 1442 oue,
115 1385 139 1428 et
152 1377 245 1427 ciuitas
255 1378 340 1436 omnis,
354 1380 395 1440 isc.
412 1375 480 1425 haud
493 1375 571 1424 dubie
581 1375 615 1424 eb
625 1376 717 1438 inepto
728 1373 978 1425 &immense—⁶8
994 1376 1048 1426 Pro
1058 1383 1144 1440 ortuo,

55 1443 133 1490 orbem
144 1442 259 1491 nonnulli
274 1439 363 1489 humb.
375 1447 484 1502 quintuor
503 1441 624 1489 Tenent.
644 1439 781 1488 Pulmsuni
800 1439 896 1488 Bellen.
912 1438 974 1488 libb.
987 1440 1064 1489 Febr.
1078 1457 1143 1491 enus

54 1505 159 1553 Bersm.
169 1504 242 1553 Harl.
251 1508 274 1551 1.
285 1508 309 1552 2.
328 1504 413 1552 Bentl.
425 1503 526 1564 decem,
536 1510 563 1551 et
575 1503 685 1552 Mentel.
717 1500 784 1552 ‘Sed
796 1516 848 1550 ueu
859 1502 980 1551 convenit
991 1504 1040 1552 hue
1050 1505 1113 1553 erlis
1123 1521 1144 1555 s.

55 1580 146 1614 cursus
158 1567 235 1629 lune,
255 1566 303 1614 nisi
323 1567 384 1615 velis
402 1568 499 1616 tertium
516 1566 738 1629 erlsmexplierre
754 1566 874 1614 ‘tertium
893 1573 993 1628 portent
1013 1568 1100 1629 erbis‚'
1116 1576 1144 1618 et

54 1629 121 1678 liene
133 1644 178 1692 pre
190 1630 267 1679 tertie
279 1631 320 1679 die
331 1630 465 1715 retinere:
483 1630 552 1694 quod
565 1639 650 1680 tamen
666 1629 765 1680 durius.
798 1629 911 1678 Praesttt
927 1636 1071 1678 ceterorum
1092 1646 1145 1681 em·

55 1693 124 1740 nium
142 1693 203 1742 libb.
215 1694 293 1742 lentie
304 1698 389 1742 ertum.
414 1695 549 1744 leni-⁵9
566 1694 642 1756 conj.
655 1693 757 1744 Freneii
768 1707 811 1755 sp.
824 1693 935 1755 Cuning.
949 1694 1003 1748 Quo
1013 1699 1092 1742 sotem
1101 1696 1145 1744 du·

55 1756 87 1803 cit
97 1773 108 1813 ,·
125 1757 238 1806 Bentleii
250 1758 313 1821 Reg.
324 1758 382 1807 Soc.
401 1757 454 1812 Qun
472 1762 552 1806 netem
570 1759 656 1817 traxit,
675 1771 708 1806 ex
726 1758 964 1817 interpretamento.
982 1756 1091 1807 Arcens.
1109 1760 1146 1805 rri-

56 1821 221 1869 narsidetur.

89 1985 120 2029 ⁶7
138 1980 227 2029 fronte
245 1983 361 2028 curvatos,
376 1973 429 2035 tre]
446 1970 581 2019 Describit
620 1970 1146 2037 neta,stlmedumLunteplsnsereteudr.

52 2057 192 2116 juvencum
204 2065 279 2113 quem
292 2054 365 2110 parnt
377 2043 501 2093 sacrificio
514 2043 580 2106 qnod
620 2044 745 2107 insignem
767 2047 880 2097 exhibet.
913 2050 948 2098 Et
967 2049 1099 2112 Metellus,
1118 2053 1145 2102 in

58 2128 137 2176 verit.
172 2127 251 2172 Lunae
263 2123 340 2184 prule
355 2126 414 2183 pest
425 2117 581 2168 novilunium
621 2119 697 2182 ldyll.
715 2120 782 2183 qued
799 2121 938 2171 Theocrito
957 2125 1023 2172 mele
1041 2126 1146 2175 terribi-

59 2201 167 2250 similem
182 2197 245 2246 dicit
259 2197 293 2246 ob
306 2195 412 2259 purvele
423 2207 537 2242 cornus:
555 2200 583 2241 et
623 2202 674 2255 tur,
691 2200 720 2241 ut
735 2193 796 2243 stibi
814 2197 942 2256 annotavi,
959 2198 1072 2261 Europus
1091 2207 1147 2250 tsn-

59 2277 86 2322 iu
108 2273 193 2323 trente
220 2279 307 2322 notam
334 2269 429 2318 hebere
446 2267 582 2318 etudidrm
623 2283 678 2318 rum
701 2269 820 2318 similiter
835 2268 929 2319 fluum
946 2273 1045 2335 reliquo
1066 2273 1146 2326 fuisse

59 2350 140 2398 stellae
152 2347 184 2394 sd
197 2347 277 2394 lustrr
286 2345 460 2407 conspicuam.
476 2343 519 2392 Sis
528 2343 583 2392 Ho-
623 2358 741 2408 corpere,
749 2352 777 2394 st
788 2346 813 2392 in
825 2344 910 2395 trente
919 2346 1003 2395 medis
1012 2347 1098 2397 orbem
1108 2364 1147 2399 rr·

60 2437 146 2471 merus
158 2420 235 2469 iliad.
244 2426 275 2469 Ψ.
296 2419 428 2468 Diomedis
440 2432 533 2483 equum
546 2426 583 2466 to·
623 2429 743 2484 genteum
755 2419 886 2470 refulsisse
897 2431 1088 2475 commemorat.

61 2505 88 2545 te
100 2496 184 2546 rutum
195 2509 314 2559 corpore.
325 2494 436 2545 candide
451 2494 477 2543 iu
495 2494 583 2545 fronte

512 2702 613 2765 ODE
645 2703 713 2766 lll.

434 2851 484 2896 nu
509 2849 781 2895 uuuneuunert.

65 2958 188 3008 Horatius
205 2956 306 3005 nmrbili
326 2956 413 3005 ferere
427 2963 519 3018 ceptus
536 2953 669 3017 magnifiee
684 2962 712 3002 et
723 2954 883 3002 incredibilis
894 2955 927 3004 de
938 2971 966 3005 se
985 2962 1093 3022 arteque
1105 2974 1150 3008 sus

98 3045 217 3101 teeanm
235 3037 312 3098 pleno
329 3040 406 3083 extre
416 3048 510 3096 corpus
526 3047 598 3082 suum
615 3034 725 3095 locutus,
736 3033 768 3080 ed
779 3032 857 3080 tinem
868 3034 899 3081 sd
915 3050 942 3083 se
963 3050 1088 3098 resersus,
1099 3053 1150 3101 qrre

97 3116 180 3163 evitet
192 3117 366 3163 vultuosormn
385 3112 517 3172 invidiam,
528 3112 635 3174 opponit
647 3110 761 3159 nonnihil
773 3110 882 3159 ridiculi.
913 3111 1054 3176 (dedictum
1070 3115 1151 3164 seui.

100 3194 156 3254 geri
167 3193 199 3240 de
211 3193 259 3240 linc
269 3192 329 3239 Ode
342 3190 393 3238 vid.
407 3190 438 3237 ed
451 3204 494 3237 ιιι.
506 3195 531 3238 9.
544 3187 582 3250 1.)

195 3284 308 3362 Quum
325 3293 371 3361 tu,
387 3285 608 3365 Melpomene,
623 3284 728 3346 semel

239 3389 439 3454 Nascentem
454 3385 589 3468 placide
602 3387 724 3450 lumine
740 3386 871 3467 videris,

103 3542 125 3588 0
137 3540 291 3602 Melpomene,
302 3550 369 3598 ouem
384 3539 411 3583 ts
427 3536 557 3581 merrtem
567 3534 685 3593 aspexeris
695 3536 764 3582 semet
774 3535 846 3583 oculis
856 3535 973 3598 ὑειιὶςιιίε,
983 3552 1034 3586 mm
1045 3552 1090 3587 non
1099 3540 1152 3588 etlr.

101 3743 160 3792 Ode
171 3745 252 3806 prima
263 3743 335 3794 Libri
353 3741 460 3791 secundi
479 3740 504 3788 iu
523 3741 572 3789 Ed.
589 3741 685 3790 Seurd.
719 3740 871 3790 luseribitnr
882 3743 909 3790 in
926 3741 1033 3791 Mentel.
1045 3741 1085 3790 Aa
1096 3743 1153 3790 Mu·

559 3853 668 3903 NOTAE

106 3949 217 3995 Mettum
229 3955 268 3995 est
279 3949 345 3995 idem
358 3950 425 4010 quod
437 3964 454 3998 ι.
467 3949 518 3996 Od.
530 3953 554 3996 3.
627 3951 669 4009 jus
690 3947 761 3994 Odes
780 3945 874 3993 eximie
891 3944 977 4004 lepore
997 3943 1095 4005 insigne
1115 3951 1154 3994 ert

108 4028 120 4070 l
140 4023 212 4075 Quem
224 4028 250 4066 te
263 4022 413 4083 Melpomene,
425 4022 477 4083 iso]
494 4025 535 4070 De
547 4024 591 4069 hu-
632 4022 753 4082 scaligeri
760 4018 897 4080 judicium,
907 4016 974 4080 qued
984 4019 1059 4066 retuli
1068 4019 1099 4066 ed
1110 4033 1153 4069 111.

138 4100 223 4160 Delplt·
234 4105 257 4146 et
273 4098 328 4146 Vttr.
337 4099 400 4145 ctus.
571 4097 658 4145 lierni·
1031 4103 1046 4145 2
1065 4098 1089 4144 Ν
