2408 4200
374 275 579 324 cnnurnum
604 275 677 321 ιιι.
701 275 752 322 ιν.
778 260 830 325 11.
1075 267 1142 331 613

225 415 332 479 Dives
347 423 380 480 et
394 417 532 492 lascive,
548 411 703 498 tenetque
716 424 809 498 grata

480 515 651 598 Compede
665 515 823 581 vinctum.

224 614 339 679 'l'erret
353 617 526 679 ambustus
542 615 715 680 Phaethon
730 636 851 680 avaras

224 716 329 798 Spes3
352 724 385 779 et
399 718 587 797 exemplum
603 734 700 797 grave
714 719 842 798 praebet
860 719 929 782 eles

224 815 387 896 Pegasus,
403 824 565 880 terrenum
582 817 724 899 equitem
741 824 895 898 gravatus

482 918 776 1000 Bellerophontem

222 1017 363 1098 Semper
378 1023 414 1079 ut
428 1023 459 1079 te
475 1016 574 1096 digne
588 1033 739 1098 sequere,
753 1025 797 1092 et,
814 1018 899 1080 ultre

224 1116 335 1193 Quem
350 1118 431 1180 licet
445 1136 578 1198 sperare
593 1118 687 1180 nesae
702 1118 861 1199 putando,
1098 1118 1142 1181 30

224 1214 401 1297 Disperem
419 1215 514 1278 vites.
559 1215 631 1296 Age
646 1217 730 1298 ιῇιιιιι,
746 1237 893 1280 meorum

482 1317 577 1418 Finis
591 1336 753 1394 amorum,

53 1488 121 1547 virgo
131 1491 237 1550 opulento
248 1496 271 1538 et
279 1498 397 1552 protervo,
410 1490 657 1553 retinetquejucundis
667 1493 768 1541 vinculis
778 1493 908 1540 astrictum.
944 1492 1052 1539 Ceterum
1064 1488 1142 1536 Plini·

53 1551 109 1597 lton
127 1558 284 1600 concremetur
300 1555 416 1603 desideria
432 1555 515 1616 cupido
531 1555 676 1618 comprimit:
693 1557 795 1604 nolucris
811 1562 887 1604 nutem
904 1556 1020 1615 Pegasus,
1033 1552 1142 1614 graviter

48 1612 131 1669 serene
142 1615 341 1677 Bellerophontem
356 1620 455 1681 equitem
471 1624 614 1679 terrestrem,
633 1620 727 1680 iusigne
743 1622 903 1667 documentum
917 1623 1026 1679 prestat,
1041 1620 1067 1664 ut
1082 1629 1143 1662 nun·

53 1691 168 1735 quornnen
176 1685 262 1728 sectere
279 1681 323 1728 libi
338 1683 505 1741 convenientia,
517 1683 646 1744 fugiasque
656 1683 801 1737 dissimilem,
813 1684 879 1740 nesus
897 1683 1053 1731 criminando
1063 1685 1142 1740 petere

51 1740 103 1798 plue
112 1755 180 1802 quem
190 1743 261 1792 decet.
296 1744 364 1793 Heus
373 1761 477 1793 onmium
495 1749 608 1794 terminus
620 1761 721 1795 meonsm
731 1749 847 1809 deinceps,
865 1746 933 1810 (uum
943 1746 969 1792 in
977 1751 1095 1807 posterum
1105 1740 1141 1789 nl·

539 1885 582 1903 ΝΙ
584 1885 689 1903 HOMO

52 1977 116 2026 item
126 1989 184 2042 post
194 1982 312 2040 juvenem,
325 1994 423 2029 comme
436 1979 599 2039 ponendum!
609 1979 741 2026 dant-tt
754 1979 868 2038 compede
879 1977 987 2036 junctum
998 1978 1143 2037 Prienen.-

52 2045 82 2087 25
93 2045 169 2091 Multi
182 2047 296 2091 scribunt
310 2044 422 2089 l’hn'e'lon.
438 2042 484 2088 Gr.
492 2048 532 2087 est
542 2039 641 2088 Φαέθων·
653 2041 703 2088 vid.
715 2040 801 2101 Apoll.
811 2042 886 2089 Rue.
897 2045 1018 2089 heth-2⁸1
1031 2040 1142 2099 Cuning.

55 2105 167 2163 Pegosoe.
191 2107 260 2165 Lips.
268 2111 349 2152 Lam.
361 2113 451 2150 semet
465 2103 533 2163 Lips.
541 2107 565 2152 4.
575 2104 728 2166 Tyrrhenum,
738 2103 807 2152 facili
817 2107 966 2166 lapsu-28
976 2103 1141 2162 Bellorophon-

53 2170 100 2211 tem
111 2168 184 2212 codd.
195 2182 236 2226 ep.
249 2167 318 2216 lani.
352 2167 544 2227 Bellerophonten
556 2168 587 2215 T.
601 2169 661 2215 nau.
674 2169 760 2216 Bentl.
771 2169 878 2229 Cuning.
888 2169 963 2215 Βιιιιι.
972 2168 1051 2215 Gesn.
1060 2166 1142 2213 Zeun.

54 2227 156 2277 Wakef.
163 2230 251 2276 Connb.
261 2238 287 2278 et
295 2230 373 2278 Kidd.
385 2240 503 2292 tnuqtrnnr
514 2231 676 2292 exquisitioni
688 2232 777 2288 formu,
789 2247 803 2279 n
816 2239 887 2278 recto
896 2235 902 2258 ⁸
911 2227 1142 2290 Bellerophontes?

52 2291 103 2339 Sed
116 2306 203 2339 omnes
214 2294 289 2342 eodd.
302 2293 397 2341 hebent
408 2293 619 2353 Bellerophontem.
652 2294 862 2343 mouentem.
875 2294 906 2340 ad
920 2295 1142 2341 111.0d.4.2'l.et

53 2367 94 2401 ιιι.
107 2355 159 2403 Od.
172 2360 211 2403 29.
226 2361 331 2404 rme
348 2358 443 2418 Semper
453 2361 477 2404 et
493 2363 516 2403 te
531 2359 604 2418 digero
619 2357 725 2405 Arcens.
751 2359 848 2419 Semper
858 2358 913 2404 ritoe
923 2359 995 2417 digno
1007 2355 1142 2403 Pulnmnni

53 2418 185 2468 Genrblac.
199 2424 221 2467 1.
240 2435 286 2482 pro
299 2436 321 2467 v.
333 2422 413 2468 l.-so
430 2421 561 2475 Quernlihet
578 2436 671 2482 sperare
685 2423 752 2484 Lips.
769 2425 855 2469 e-tr
876 2421 992 2482 Dispores
1004 2420 1072 2480 Lips.
1084 2423 1142 2465 l.—

87 2643 168 2690 Puelln
189 2644 261 2690 Dires
286 2650 309 2690 et
333 2646 430 2706 luscino]
463 2645 503 2691 Au
531 2646 574 2692 illa
617 2647 744 2696 Terrenum
760 2649 870 2710 equitem,
888 2644 1033 2702 mortalem,
1050 2655 1142 2704 nempe

53 2718 140 2769 Chloe,
153 2717 185 2763 de
196 2732 245 2778 qne
259 2731 302 2767 ιιι.
312 2719 363 2764 Od.
376 2723 413 2767 19.
617 2720 827 2783 Bellerophontem,
836 2722 878 2783 qui
888 2737 902 2767 a
913 2719 1016 2767 Bellero
1026 2718 1142 2766 Corinthi

83 2794 114 2837 2³
128 2792 319 2850 Tenetquegroto
333 2793 573 2853 Corupedeeiuctum]
615 2807 677 2853 rege
699 2794 836 2841 interiecto
860 2794 1010 2840 vocabulum
1034 2792 1141 2838 sortitus

52 2866 110 2912 Suis
133 2867 260 2912 autoribus·
284 2880 386 2929 srraeqne
408 2867 476 2912 velut
499 2868 577 2911 serri-
616 2876 654 2912 est
666 2867 842 2926 llipponomns
854 2878 929 2913 antee
942 2865 1035 2912 dietus.
1065 2864 1141 2914 Quod

54 2943 103 2988 tuti
116 2954 217 3001 prorsus
230 2940 361 2987 addictum
373 2940 457 2987 babet.
618 2953 678 2984 vero
691 2940 802 2999 pertinet
816 2939 847 2985 all
864 2953 915 2984 rem
932 2947 1096 2999 presentem,
1107 2940 1143 2986 di·

85 3022 114 3064 25
131 3018 210 3064 Terret
224 3016 344 3062 ambustus
358 3016 479 3063 Phaethon
495 3029 578 3060 oeoros
616 3017 683 3062 citur
696 3016 716 3062 is
733 3025 790 3075 post
807 3015 916 3062 occisam
936 3015 1031 3061 nrrnilio
1048 3015 1144 3074 Pegasi

55 3091 125 3154 Spes]
145 3091 275 3152 Exemplis
289 3090 381 3152 probet
394 3090 517 3137 Horatius
530 3102 579 3135 uou
617 3091 767 3139 Chimaemm
777 3088 895 3136 secundis
904 3087 1079 3144 hebescimus,
1089 3094 1144 3133 ten-

54 3181 109 3212 esse
130 3168 154 3213 id
176 3167 349 3227 appetendum
361 3163 427 3227 quod
447 3171 486 3210 est
501 3177 577 3224 supre
617 3174 683 3214 tasse
694 3166 720 3212 in
732 3164 823 3212 eoelum
833 3165 908 3211 etiam
922 3162 1037 3224 ejusdem
1051 3161 1144 3223 Pegasi

55 3254 110 3297 nos,
121 3239 289 3300 qnodqnevin
302 3254 407 3300 sperare
420 3247 463 3287 ιιιι
477 3238 577 3299 assequi
617 3255 666 3302 ope
688 3238 837 3298 escendere,
858 3245 886 3286 ut
904 3237 965 3301 qnid
985 3244 1073 3297 egeret
1091 3236 1144 3284 illic

55 3313 93 3361 sas
107 3314 233 3361 ridentur.
269 3315 339 3362 Note
350 3324 388 3362 est
402 3314 511 3362 cuilibet
527 3314 577 3360 hio·
616 3315 720 3376 Jupiter
730 3313 898 3375 perspiceret.
917 3312 952 3359 ht
962 3318 1040 3359 oestro
1050 3325 1065 3357 ιι
1076 3309 1142 3358 Jove

55 3392 120 3439 toria
138 3397 164 3438 et
181 3404 255 3437 eosne
272 3389 447 3450 Phaethontis,
459 3392 501 3453 qni
519 3406 578 3439 eum
618 3391 730 3439 immisso
743 3390 858 3451 Pegasus
875 3386 996 3450 fatigatus
1017 3399 1143 3442 sessorem

55 3466 121 3513 Solis
132 3478 231 3513 cnrmm
245 3478 373 3527 equosque
384 3480 473 3526 regere
485 3468 578 3527 enpiis·
618 3466 743 3525 excussit,
755 3465 798 3527 qui
810 3463 930 3511 membris
947 3460 1085 3511 contructis
1099 3460 1144 3509 de·

54 3551 104 3600 set,
114 3543 121 3567 ‘
133 3554 222 3588 enrrns
236 3539 324 3600 auriga
336 3537 452 3599 peterni’
471 3547 579 3587 temera·
619 3542 706 3590 cidens
717 3541 824 3589 curiosae
837 3538 980 3586 ambitionis
998 3552 1086 3600 poenns
1099 3551 1143 3584 ex·

55 3616 116 3674 rius,
130 3617 137 3642 ‘
150 3616 249 3676 mugnis
266 3614 363 3661 excidit
376 3612 466 3672 arisis3'
485 3615 509 3660 in
522 3616 578 3662 Eri·
619 3619 703 3665 solvit.
738 3614 805 3663 Vide
828 3627 846 3663 1.
864 3614 916 3662 od.
934 3617 974 3660 2⁷.
991 3615 1037 3660 eit.
1055 3620 1082 3658 et
1100 3623 1142 3657 ιιι.

54 3689 146 3737 derium
158 3689 230 3737 lovis
242 3687 349 3736 fulmine
362 3686 485 3748 dejectus.
513 3688 577 3736 Vide
619 3693 671 3741 Od.
682 3697 704 3741 t.
717 3700 743 3739 et
758 3694 795 3738 12.

55 3763 158 3811 Platon.
180 3766 204 3811 in
225 3765 332 3825 Timaeo,
356 3763 434 3812 Ovid.
457 3764 523 3812 Met.
546 3778 577 3813 ιι.
650 3773 682 3816 29
702 3769 735 3815 Ut
751 3773 775 3814 te
793 3767 866 3827 digno
882 3763 989 3826 sequere]
1007 3761 1043 3808 Ut
1061 3760 1142 3807 virum

56 3839 158 3882 Lucret.
171 3840 215 3882 lib.
228 3855 253 3882 v.
264 3844 313 3882 erc.
618 3843 765 3882 enutritione
774 3841 819 3882 tihi
830 3840 936 3882 »inritam
949 3849 1071 3882 seounre:
1082 3848 1144 3882 utre·
