2408 4200
390 311 594 360 csnuruou
621 313 695 358 orn.
719 297 818 360 1.*26.
1082 300 1144 364 181

549 440 655 490 ΝΟΤΙΕ

61 537 87 583 is
114 549 161 582 noo
184 535 327 584 coherent:
354 536 431 584 Audis
453 537 530 584 mnus
558 543 582 584 et
622 536 922 598 Boreofrigidiorssint.
940 537 1145 602 ilicemtnmon

60 611 137 673 ninus
155 609 221 667 jum:
247 611 288 657 Me
312 615 351 657 tuo
370 612 453 670 iougm
472 616 582 670 pomute
622 611 702 659 servit
714 612 800 672 potius
813 612 896 672 jecori
911 610 1056 674 indicendo,
1069 628 1144 676 qnam

60 689 147 743 noctes,
168 684 245 745 Lydio
266 682 370 732 dormiri
409 685 500 747 Neque
519 687 580 733 satis
621 692 704 734 metro
716 684 879 734 sustinendo.¹
912 686 1144 746 To,1.ectorero-

61 759 143 806 moiiis
154 759 197 807 iiis
207 760 316 807 locutio:
328 759 399 819 flebis
410 760 505 807 numios
515 774 580 806 orro-
621 760 685 822 dite,
707 761 766 808 irinc
783 761 838 821 jsm
861 759 949 821 infers,
970 761 1026 809 sine
1049 759 1144 811 affectu

58 833 410 895 gonisonisisddsseffectos.
439 835 522 882 Lenem
534 850 580 896 pro
621 849 676 882 esse
696 841 815 896 oportere
834 849 933 883 omnem
951 835 1143 884 Aristarchum:

62 908 130 973 nude
152 909 253 956 videtur
276 910 397 970 posuisse,
424 910 485 957 sotis
507 910 580 957 dure.
619 908 793 971 intelligisque
814 921 890 970 qnam
916 910 1032 956 censoria
1053 910 1144 971 dignus

61 981 109 1030 liin
132 996 233 1044 ortoque
255 984 348 1043 onmia,
366 983 488 1030 bacchante
504 985 580 1042 mugio
619 981 747 1030 interdum
769 983 841 1042 virgo
860 983 892 1030 sit
910 996 1015 1045 magnus
1037 984 1143 1046 quisque

59 1056 99 1102 tri
127 1056 254 1103 interiunio
274 1061 352 1114 osuio,
378 1056 498 1103 videntur
525 1071 580 1104 esse
619 1057 723 1103 Censor.

58 1143 135 1177 noum
146 1131 286 1192 epithetum
297 1131 404 1178 Boreae:
421 1131 513 1192 uiioqui
525 1132 581 1190 ipso

467 1324 564 1387 oon
586 1300 732 1388 'xxvi

409 1473 459 1519 AD
484 1473 609 1518 AEntdns
638 1474 796 1520 oduinus.

59 1587 152 1634 AEiium
171 1587 282 1634 issminm
302 1588 389 1650 primae
409 1587 549 1634 nobilitatis
561 1587 638 1634 rirnru
650 1595 677 1635 et
696 1574 889 1649 Pompeianum,
900 1589 1057 1651 Reipublicae
1075 1592 1141 1637 curris

354 1665 512 1727 implicitum,
524 1664 555 1712 nd
567 1679 606 1713 res
617 1666 710 1713 isiinreu
724 1667 848 1715 hortatur.

183 1777 219 1838 M
226 1794 305 1840 usus
323 1779 461 1852 auricus,
475 1779 643 1840 tristitiam
660 1784 690 1840 oi
703 1788 809 1842 metus

181 1877 327 1939 Tradam
342 1882 502 1957 protervis
518 1880 550 1940 iu
566 1898 653 1940 more
672 1878 836 1942 Creticum

227 1968 362 2039 Portare
378 1969 496 2054 ventis,
512 1968 607 2060 queis
623 1981 686 2040 sub
701 1965 805 2041 A'rcio

269 2075 344 2137 Rex
362 2078 479 2157 gelidae
493 2086 659 2142 metuatur
675 2096 752 2153 orae,

94 2220 143 2278 Ego
154 2220 307 2268 dimissoriis
317 2222 482 2281 egritudinem
493 2239 519 2270 oc
533 2225 627 2271 timores
638 2223 695 2271 doio
706 2224 838 2284 procacibus
850 2224 925 2271 scutis
936 2223 1027 2280 deferre
1038 2225 1063 2271 irs
1076 2240 1140 2272 mure

60 2282 183 2338 Creticum,
200 2298 340 2345 nequequam
350 2287 464 2346 soiiciirss,
474 2289 525 2348 quis
536 2291 565 2333 od
576 2290 652 2347 poium
665 2288 787 2334 Arciicum
799 2289 902 2347 regionis
913 2288 1016 2346 frigide
1027 2294 1140 2348 tyrannus

86 2473 151 2521 Haec
165 2474 222 2523 Ode
235 2477 333 2524 decimo
351 2491 418 2523 nona
437 2485 478 2523 est
496 2477 564 2522 Libri
583 2478 653 2524 tertii
672 2479 695 2524 in
713 2478 760 2524 Ed.
780 2476 917 2524 Soundoni.
951 2475 1022 2522 Libri
1041 2476 1139 2524 cnismo

57 2537 154 2584 exsrnti
168 2539 234 2597 nond
247 2539 409 2587 Torrentium
422 2540 487 2585 hanc
503 2539 595 2586 inobent
609 2541 789 2602 Epigrsphen:
809 2543 848 2589 Ac
860 2541 981 2587 Mercede
994 2540 1076 2586 bomin
1089 2539 1140 2587 He·

56 2600 104 2653 iio,·
121 2600 171 2651 niii.
181 2600 218 2646 Ac
231 2601 340 2655 Muemu5
358 2604 397 2649 An
409 2602 542 2662 Pimpleam
550 2617 558 2656 ,¹
576 2602 614 2649 Ad
626 2604 715 2650 AEiium
727 2605 889 2651 missione-t
908 2604 972 2663 Reg.
984 2605 1045 2651 Soc.
1061 2604 1140 2651 Bent-

60 2662 102 2709 ieii
115 2670 142 2709 et
155 2662 241 2710 Grec.
254 2681 268 2711 a
281 2680 313 2712 m.
327 2679 365 2725 pr.
375 2667 415 2726 qui
427 2666 468 2710 uro
476 2680 484 2716 ,·
510 2665 585 2712 Harl.
597 2669 620 2712 2.
631 2670 654 2712 3.
665 2671 688 2713 4.
699 2671 722 2712 6.
735 2669 785 2726 quis
797 2667 853 2722 erri;
879 2674 906 2714 et
924 2668 958 2713 sic
976 2669 1063 2714 muitae
1079 2665 1138 2714 edd.

548 2775 650 2823 NOTAE

87 2867 198 2915 Mctruru
212 2868 279 2915 idem
292 2870 359 2931 quod
371 2885 448 2932 supro
463 2870 520 2919 Ode
536 2884 574 2918 rx.
648 2875 726 2922 Musis
748 2875 846 2933 osricus]
872 2872 998 2919 Nimirum
1026 2869 1139 2933 quisquis

85 2949 96 2990 l
112 2945 191 2992 Musis
200 2947 296 3006 omont,
309 2944 362 3006 dc]
380 2946 515 2994 Pulchram
527 2947 575 2994 init
616 2948 784 3006 manascunt,
796 2961 882 2994 eorum
895 2946 1013 3006 presidio
1027 2953 1096 2993 trrtns
1108 2960 1139 2992 sc

52 3019 172 3068 Horatius
195 3020 311 3067 inudnudi
334 3022 410 3079 riam,
430 3036 536 3083 quiesque
560 3035 574 3066 a
615 3022 689 3068 laetus
701 3032 803 3076 semper
814 3033 869 3065 esse
882 3020 973 3065 debet:
990 3032 1064 3063 nemo
1079 3030 1140 3062 vero

52 3094 574 3154 tritninnperitorumconsuetudineiongc
617 3093 647 3138 iis
669 3090 783 3137 scduiam
803 3095 890 3145 potest
911 3100 1014 3144 opernm
1038 3099 1140 3147 trevere,

53 3168 167 3215 recedat.
190 3169 232 3213 iiii
245 3169 265 3214 si
276 3168 380 3213 inudum
391 3168 492 3227 quidem
504 3181 575 3213 scer·
618 3164 679 3224 quin
696 3172 796 3207 ornnem
808 3155 885 3203 enimi
898 3155 1084 3202 solicitudinem
1097 3171 1140 3204 nn·

54 3255 113 3286 vum
137 3240 321 3298 congesserint,
345 3238 413 3283 beiie
435 3252 462 3283 se
484 3236 577 3283 iecisse
618 3243 661 3281 tes
687 3231 842 3292 deposuerit.
886 3227 962 3276 Ouid.
979 3228 1060 3276 Trist.
1080 3243 1098 3277 r.
1118 3235 1140 3280 l.

53 3312 208 3360 existimant.
234 3309 269 3358 At
281 3309 426 3371 ingeniosus
437 3308 522 3356 Poe'ta
532 3309 577 3354 Ln·
618 3311 658 3355 lt.
676 3306 682 3330 ‘
695 3304 814 3352 Carmina
825 3316 948 3352 secessum
967 3302 1101 3352 scribentis
1113 3313 1140 3353 et

53 3387 129 3435 mism
152 3392 207 3433 orte
230 3400 295 3433 nova
325 3383 448 3432 celebrat.
491 3382 578 3430 Primo
618 3376 821 3443 otioquaerunt.’

54 3475 115 3509 curs
133 3459 238 3507 iibernm
251 3474 277 3506 se
290 3459 321 3506 ab
332 3459 399 3506 onmi
412 3458 490 3520 jobet
502 3470 575 3506 esse:
648 3461 663 3505 2
675 3457 746 3504 More
757 3453 886 3516 Creticum]
898 3453 950 3501 Pro
961 3452 1076 3516 qrroiibct
1087 3466 1139 3498 mn·

54 3544 108 3583 tutu
130 3550 156 3582 se
178 3534 305 3580 conuertit
322 3534 352 3579 nd
373 3534 482 3594 Musam,
502 3534 574 3596 quasi
616 3532 637 3580 ri
650 3532 752 3594 ponitur
769 3544 839 3577 urere
859 3527 925 3591 qrrod
939 3527 1082 3589 proximum
1099 3533 1139 3572 est

54 3612 136 3658 minos
148 3609 265 3656 idoneum
278 3613 349 3654 innto
360 3620 387 3652 se
399 3609 469 3667 operi
481 3609 574 3655 inteiii·
616 3607 700 3655 Cretse
710 3606 799 3654 insuite
809 3605 884 3650 maris
892 3599 1078 3648 Mediterranei
1089 3612 1139 3645 nm-

54 3695 108 3748 gat‚
126 3686 244 3745 iiinrnque
261 3682 415 3741 obtestetur,
431 3689 460 3728 nt
480 3682 574 3729 aniae
616 3683 745 3741 piissimae,
767 3692 823 3740 quos
840 3675 915 3723 hodie
934 3673 1025 3719 Caudio
1042 3672 1137 3719 vocito·

55 3775 172 3810 coronam
188 3764 271 3820 paret,
285 3756 332 3804 hoc
344 3760 393 3813 est,
413 3769 469 3802 eum
487 3770 574 3803 conse·
615 3762 666 3803 tur.

56 3845 110 3885 eret
133 3831 326 3883 immortalitati.
361 3828 426 3875 Haec
449 3830 524 3883 bene,
546 3836 575 3877 ut
646 3834 660 3875 3
680 3827 752 3881 Qucis
768 3825 842 3885 [quo]
860 3821 999 3881 suiArctc]
1018 3819 1081 3868 Quis
1094 3818 1136 3867 do·

56 3912 145 3971 omnia,
171 3908 272 3957 notovit
293 3904 448 3952 Parthenius
472 3904 573 3951 Horatii
614 3904 724 3948 minetur
737 3907 764 3946 et
777 3906 868 3958 regnet
881 3896 911 3942 od
926 3896 1043 3941 Boream.

57 3983 175 4032 adversus
197 3981 334 4031 maledicos
360 3977 498 4026 acerrimus
521 3978 574 4026 vin·
647 3979 695 4025 Sui
716 3975 801 4034 Arcto]
827 3972 878 4020 Sub
900 3972 978 4018 Urso:
998 3971 1064 4032 quod
1086 3989 1135 4022 coe.

57 4057 115 4105 dex.
615 4045 1137 4110 lestesidusSeptenrtrionnieduplexest,
