2408 4200
382 236 585 298 oauuuton
612 249 683 297 ιιιι.
708 251 762 298 ιιι.
787 237 820 299 6.

232 386 367 454 Matura
378 393 488 474 virgo;
508 399 541 456 et
556 392 687 475 lingitur
702 346 839 458 artubus

273 493 296 556 J
298 512 351 555 am
368 512 464 567 nuno,
481 500 515 555 et
530 494 673 557 incestos
690 514 820 558 amores

318 594 371 657 De
385 596 494 658 tenero
507 593 683 658 meditatur
695 598 818 678 nngui;

59 763 103 806 ert.
138 758 234 807 Nubilis
243 760 318 820 puella
329 760 407 807 studet
419 759 519 806 ediscere
528 760 666 807 rnltotiorm
677 760 766 813 loreum,
777 764 801 806 et
812 760 877 806 modo
886 756 1007 815 sonantur
1019 760 1144 809 membris:

58 828 128 884 etque
133 822 268 885 flagitiores
277 836 367 870 amores
381 823 469 883 cogitat
481 822 511 871 ab
520 828 591 870 oetote
601 823 709 872 moltiori.
742 822 836 871 Deinde
845 823 944 871 usoeelros
954 824 1145 874 adolescentiores

51 1045 254 1107 jungetur-22
271 1047 369 1095 Matura
379 1047 457 1107 uirgo,
464 1048 571 1109 fingitur
581 1049 672 1097 artibus
684 1048 794 1110 Coning.
805 1049 897 1097 omisso
909 1054 942 1106 et,
954 1061 1063 1109 estmque
1076 1061 1151 1096 secu·

62 1118 102 1156 tus
124 1119 164 1159 est
185 1109 274 1160 Joucs.
288 1111 803 1175 fingiturortubusAer.Porpl1yr.duo
824 1111 914 1160 Blaud.
935 1112 995 1159 Diu.
1019 1119 1047 1159 et
1066 1112 1148 1161 Mald.

61 1173 176 1235 Crnqnii,
193 1174 295 1235 qtridam
317 1175 441 1235 Lambini,
459 1190 546 1223 omnes
556 1177 684 1224 Torrentii
703 1185 799 1237 preter
810 1190 896 1236 unum,
908 1175 1010 1235 plurimi
1024 1176 1149 1234 Bentleii,

61 1235 111 1284 duo
123 1238 285 1296 Bersmauni,
295 1237 431 1287 Pulmanui
444 1238 530 1286 Huun.
543 1241 623 1287 Frane
643 1241 732 1301 ‚Lipe
742 1244 767 1287 2.
779 1254 793 1286 a
806 1255 838 1286 nr.
851 1254 890 1298 pr.
905 1239 986 1301 Lipss.
996 1242 1020 1286 3.
1029 1241 1054 1286 d.
1072 1239 1148 1287 Desa.

60 1304 84 1348 Ξ.
98 1300 171 1349 Harl.
187 1305 207 1349 l.
216 1307 240 1348 2.
250 1306 274 1351 6.
284 1306 308 1350 4.
319 1308 344 1351 ⁵.
356 1307 380 1351 6.
391 1302 498 1350 Venett.
509 1303 617 1353 Locber.
625 1255 732 1352 Recens.
745 1303 831 1359 Basill.
840 1302 956 1350 Torrent.
969 1301 1045 1362 Crnq.
1059 1302 1148 1364 Stepb.

62 1364 138 1412 Febr.
151 1365 213 1414 Feb.
226 1366 347 1424 uergere.
358 1367 445 1413 norm.
458 1367 535 1415 Baxt.
547 1367 611 1415 Sivr.
624 1368 712 1416 Comb.
724 1374 752 1415 et
763 1364 865 1414 Wakel’.
900 1365 964 1412 Vide
977 1373 1003 1411 et
1014 1364 1102 1413 Burm.
1114 1365 1148 1413 sd

61 1427 139 1477 Orid.
151 1427 209 1476 Art.
221 1442 263 1477 ιιι.
279 1433 335 1478 651.
345 1430 474 1489 frangitur
483 1429 579 1478 artubus
590 1430 692 1492 quidam
706 1430 830 1489 Lambini,
846 1443 910 1477 unus
927 1429 1066 1490 Torrentii,
1088 1429 1148 1476 Pul·

61 1492 146 1539 manni
159 1493 260 1540 Diestlt.
271 1493 373 1554 qrridum
391 1494 513 1548 Bentleii,
529 1500 556 1542 et
574 1494 693 1542 defendit
711 1494 826 1554 inprimis
847 1492 937 1540 Heius.
949 1491 981 1538 ed
993 1491 1083 1540 Clsnd.
1096 1493 1149 1540 En·

62 1561 130 1617 trop.
142 1569 161 1603 ι.
172 1559 228 1603 262.
238 1557 354 1617 fingitur
373 1558 470 1605 arentur
488 1558 565 1606 Mart.
575 1558 686 1621 ¹Cruquii
696 1573 703 1615 3
714 1557 821 1621 fingitur
837 1556 926 1603 ortibus
942 1555 1064 1604 annoct.
1084 1570 1149 1603 unus

62 1618 121 1666 Vat.
132 1626 158 1666 et
169 1619 271 1680 quidem
283 1621 326 1668 alii
337 1622 464 1683 Lambini,
474 1621 610 1670 Pulmauni
624 1622 758 1673 Gernblnc.
771 1625 793 1669 l.
802 1624 826 1668 2.
837 1628 864 1669 et
873 1620 969 1668 Beller.
981 1633 1045 1667 unus
1055 1619 1148 1669 Bland.

62 1689 89 1728 et
108 1682 152 1730 sil.
171 1685 285 1747 Cruquii,
304 1700 365 1732 unur
383 1686 542 1746 Bersmanni,
554 1687 637 1747 Lipss.
650 1692 672 1735 l.
689 1687 758 1747 lips.
768 1689 792 1732 2.
805 1698 850 1745 pro
862 1698 886 1732 v.
898 1684 916 1730 1.
934 1682 989 1730 uu.
1002 1688 1024 1731 l.
1037 1681 1148 1732 Helmst.

61 1744 149 1795 Heius.
162 1747 248 1796 Lamb.
261 1749 347 1797 Bentl.
359 1750 447 1800 Joues.
461 1751 569 1812 Coning.
581 1751 675 1798 Sanud.
685 1749 756 1809 Jaui,
768 1749 873 1808 Bipont.
887 1746 1149 1796 ultramuraneum

61 1809 139 1858 Kidd·
156 1811 265 1860 ‘Utrum
277 1814 373 1861 ortubus
386 1822 503 1875 praestat,
515 1830 548 1861 nn
559 1815 667 1861 artibus?
684 1814 748 1862 Mihi
759 1812 850 1860 artibus
869 1811 948 1873 magis
967 1810 1061 1871 placet,
1080 1812 1148 1871 qnod

60 1873 148 1935 etjam
161 1875 345 1937 Porphyrionis
358 1885 436 1924 aetate
448 1877 473 1922 in
485 1878 600 1937 piurimis
611 1877 685 1924 codd.
699 1876 865 1930 tolerantius
876 1882 939 1922 nota
953 1872 1047 1934 prodit.
1082 1874 1149 1921 Nam

60 1938 168 1999 primum
182 1942 324 1987 rectissime
336 1940 456 1986 viderunt
469 1940 582 1986 Lambin.
594 1947 621 1986 et
633 1939 720 1986 Bentl.
734 1938 818 1998 politae
830 1937 992 1986 scribendum
1004 1935 1084 1984 fuisse
1097 1936 1150 2000 firr-

57 2001 126 2059 gr'tur
136 2009 212 2060 artur,
224 2019 272 2049 uon
285 2003 390 2050 artubus.
424 1998 498 2050 Quod
515 2001 581 2048 enirn
599 2001 705 2049 laudant
716 2002 789 2062 Virg.
806 2001 863 2049 AEn.
876 2015 936 2049 ιιιιι.
948 2005 1005 2050 634.
1022 2002 1150 2061 ‘corpora

59 2064 157 2125 fingere
169 2065 272 2124 lingua:
291 2066 314 2110 id
355 2065 412 2110 lane
431 2065 555 2124 ineptum.
588 2063 689 2111 Deinde
700 2063 808 2127 fingitur
825 2065 922 2112 artubus
934 2064 968 2112 nil
981 2064 1091 2126 atriplius
1102 2064 1148 2112 de·

59 2127 151 2182 clarat,
170 2141 255 2187 quam,
275 2079 413 2189 quotfjum
426 2128 594 2175 antedictum
607 2135 681 2185 ernt3
698 2142 754 2175 cum
768 2127 875 2188 fingitur
886 2127 976 2174 ortibus
987 2143 1078 2175 novam
1091 2143 1149 2176 sen·

61 2191 168 2236 tentiam
180 2189 232 2246 det,
252 2190 290 2252 iis,
309 2205 364 2251 quae
383 2198 532 2252 sequuntur.
554 2191 678 2251 praeclure
696 2188 908 2238 convenientem!
923 2191 1056 2239 doni-2³
1074 2194 1149 2239 ‘dam

60 2253 288 2367 tlt-‘ttulit
299 2255 591 2382 ‘lutittllllut
609 2252 1150 2377 ‘lilttlttllttttttlttltutlt·

60 2381 126 2430 duni.
161 2383 196 2431 Ut
213 2384 351 2446 distinguit
368 2383 437 2447 lant,
458 2384 494 2432 ita
513 2385 590 2432 etium
609 2380 950 2443 Mltech.Bipout.Wetzel.
963 2380 1150 2428 criticorum

551 2543 659 2594 NOTAE

61 2637 166 2685 lonibus
179 2640 288 2688 Graeclae
306 2642 406 2703 populis
423 2641 532 2701 oriundi,
545 2656 584 2689 re·
625 2641 698 2691 tostis
720 2647 759 2689 est
778 2640 865 2703 Scipio
884 2638 1043 2693 AEmilisnus.
1062 2637 1104 2700 qui
1123 2639 1149 2686 iu

62 2715 160 2775 giouem
183 2715 306 2764 tenebant
324 2717 429 2765 AEolidis
452 2725 478 2766 et
502 2719 584 2767 Caria
624 2718 738 2766 oratioue
766 2724 857 2764 contra
883 2716 964 2778 legem
985 2714 1149 2777 judiciariam

61 2789 179 2848 mediam,
190 2790 248 2837 coeli
267 2792 402 2840 clementia
418 2802 444 2841 et
458 2795 584 2854 bonitate,
624 2793 680 2841 Tib.
693 2793 803 2840 Gracchi
820 2793 857 2840 sic
873 2793 925 2840 ait:
945 2791 1073 2838 docentur
1084 2804 1149 2852 prae·

60 2865 585 2930 solietiamstttmuituteetubertateprae·

60 2949 181 2990 stentem.

92 3019 124 3063 22
142 3016 256 3076 Fingilur
274 3015 379 3077 ortulum]
402 3014 461 3077 Alii,
479 3015 585 3062 artibus:

61 3091 151 3140 eodem
164 3099 234 3141 certe
244 3092 338 3140 recidit
350 3093 491 3139 sententia:
503 3090 585 3151 idest,

60 3166 198 3214 secundum
222 3175 303 3214 artem
324 3168 420 3214 moveri
443 3173 469 3215 et
490 3168 585 3214 euitare

61 3241 177 3290 docetur.
212 3242 585 3303 Quidamsrnugiturartubus.

61 3316 150 3365 Mollia
158 3317 245 3365 studet
254 3319 364 3366 membru
374 3318 406 3366 sd
418 3327 501 3366 motus
511 3332 585 3380 quos·

60 3391 124 3439 libet
136 3389 247 3439 efficere.
277 3392 393 3441 Macrob.
403 3405 446 3439 nt.
459 3395 517 3440 16.ι
531 3394 585 3440 Sel·

61 3468 132 3516 tandi
150 3482 212 3516 cura
228 3481 277 3514 non
295 3467 437 3526 inhonesta,
449 3467 585 3516 dummodo

59 3560 108 3593 non
120 3546 262 3604 curiosa,ct
275 3558 355 3606 risque
367 3545 398 3591 ad
413 3544 476 3590 artis
486 3542 584 3604 perlec-

60 3621 161 3669 tionem.
200 3619 268 3670 Quid
290 3618 366 3679 enim,
386 3619 424 3666 uit
446 3618 586 3680 Sallustius,

60 3697 178 3757 psallere,
191 3697 283 3744 saltere
296 3695 437 3757 elegantius
453 3708 528 3756 quam
541 3707 584 3741 ne·

60 3783 131 3816 cesse
144 3777 183 3816 est
195 3770 306 3830 probaet'
323 3769 440 3816 nimirum
452 3777 584 3824 matrona,

61 3849 104 3890 aut
126 3843 224 3903 virgini.
259 3844 339 3892 Addit
356 3845 413 3892 ille:
432 3848 438 3872 ¹
453 3844 585 3892 Nobilium

61 3931 122 3965 vero
134 3914 208 3974 tilios,
220 3925 245 3965 et
263 3919 344 3981 (quod
357 3921 427 3968 dictu
443 3920 515 3968 nefas
532 3919 585 3983 est)

59 3994 125 4042 filias
143 4006 243 4055 quoque
260 3994 369 4055 virgines
388 3997 454 4043 inter
470 3997 585 4043 studiosa

60 4079 205 4117 numerasse
241 4068 351 4115 saltandi
384 4070 584 4129 meditationem,

625 2867 714 2928 stigias
724 2868 886 2914 inhonestas:
904 2880 962 2913 cum
969 2864 1102 2913 cinaedulis
1112 2898 1118 2911 .
1128 2898 1150 2912 ..

626 2941 728 2989 discunt
750 2948 870 2996 centare3
898 2954 955 2985 cum
979 2939 1100 2986 sambuca
1122 2946 1151 2988 et

627 3016 747 3077 psalterio
758 3022 830 3074 eunt,
840 3018 888 3061 dcc.
906 3027 962 3075 quae
974 3014 1082 3073 majores
1094 3026 1150 3060 nos-

626 3091 658 3136 tri
678 3087 795 3151 ingenuis
815 3086 909 3148 probro
927 3086 986 3133 duci
1004 3085 1151 3137 voluerunt.

626 3165 705 3223 Eunt,
719 3163 831 3223 inquam,
842 3161 867 3207 in
879 3160 966 3207 ludum
980 3161 1150 3222 saltatorium,

627 3237 831 3293 intercinaedos,
844 3236 954 3295 virgines
972 3235 1095 3300 puerique
1112 3237 1149 3283 iu·

627 3314 702 3376 genui
759 3313 789 3359 ln
807 3326 838 3360 eo
855 3311 915 3358 ludo
928 3310 978 3359 vidi
993 3312 1049 3372 plus
1063 3314 1150 3373 pueris

626 3398 653 3435 et
664 3389 805 3451 virginibus
819 3387 980 3448 quingentis:
1001 3388 1025 3434 iu
1039 3387 1149 3436 hisvero

627 3478 702 3510 unum
721 3463 785 3525 (quo
802 3476 842 3510 me
859 3462 969 3509 maxime
991 3462 1149 3523 Reipublicae

625 3538 755 3585 misertum
767 3535 819 3599 est)
832 3550 937 3597 puerum
947 3536 1070 3585 bullatum
1085 3536 1150 3598 peti·

626 3615 689 3661 toris
700 3613 788 3671 tilium,
806 3626 855 3661 nou
872 3614 993 3661 minorem
1006 3614 1076 3660 annis
1088 3613 1150 3660 dito·

625 3688 716 3748 decim,
735 3703 792 3734 cum
815 3688 920 3735 crotalis
941 3689 1052 3734 saltare:
1073 3701 1148 3749 quam

626 3766 788 3812 saltationem
806 3764 949 3827 impudicus
971 3763 1085 3810 servulus
1108 3761 1151 3807 lto-

626 3848 698 3889 neste
711 3843 805 3888 saltare
817 3854 867 3886 nou
882 3836 984 3900 posset,'
995 3840 1042 3883 dre.

657 3920 688 3964 23
706 3914 821 3975 Incestus]
840 3913 897 3961 Nou
911 3919 1005 3967 castos,
1017 3911 1140 3971 impuros.

657 3997 688 4040 24
706 3993 744 4038 De
755 3996 831 4035 tenero
842 3987 969 4033 meditatur
979 3984 1064 4045 ungui]
1081 3986 1103 4033 A
1114 3993 1149 4034 ts·

625 4069 697 4125 ueris,
709 4072 738 4110 ut
752 4059 838 4108 Graeci
856 4058 953 4119 dicunt,
969 4059 1111 4122 unguiculis,
1126 4064 1149 4122 ἐξ
