2408 4200
603 233 775 285 nonanti.

368 372 557 438 ecam.
601 377 644 436 a.
660 375 767 440 c.1s.
799 375 997 465 uoaargg.

178 492 357 574 Augustus
379 489 488 555 adbuc
507 489 587 553 dum
603 489 717 556 Roma
739 494 844 570 abest,
858 494 892 557 in
913 494 1093 579 Hispania,
1107 497 1199 562 Galli

134 593 331 668 comenia,
344 591 446 655 rebus
461 592 706 657 constituendis
721 593 881 660 intentus.
915 595 1086 679 Scriptum
1099 604 1175 663 tuuc
1195 626 1199 634 ⁴

135 692 352 760 deturcarm.
369 707 419 754 iv.
435 691 466 755 b.
481 710 538 774 up.
548 696 626 774 post
634 692 757 775 Legem
773 693 816 757 de
832 693 1011 761 Adulteriir
1026 706 1061 762 et
1073 697 1117 762 de
1131 699 1190 763 Ma

73 852 79 857 .
136 793 246 860 tandis
257 792 440 856 Ordinibus
455 810 484 855 a.
499 789 575 855 736.
590 792 705 869 latam,
720 793 799 857 item
812 800 890 876 post
904 797 1062 861 subactos
1079 798 1202 865 Partho

136 895 336 970 Cantabros,
362 902 397 957 et
422 892 617 959 Germanos.
663 893 716 957 Ad
746 894 836 958 idem
864 904 994 979 tempus
1025 906 1160 981 spectat
1190 917 1200 963 ι

138 1189 184 1253 U.
199 1187 238 1255 G.
261 1191 337 1256 741.
381 1189 457 1255 Tib.
489 1189 651 1254 Claudius
682 1189 785 1253 Nero.
837 1190 878 1254 Ρ.
898 1190 1084 1269 Quintilius
1107 1192 1199 1257 Varu

478 1289 521 1354 A.
536 1289 577 1355 C.
592 1291 646 1355 13.
675 1290 809 1354 Horatii
825 1293 878 1374 3²}-

178 1407 353 1489 Angnstns
368 1405 509 1470 Romam
525 1408 702 1472 revertitur.
739 1406 777 1470 Si
792 1407 954 1471 Suetonio
968 1408 1146 1485 credimus,
1162 1407 1204 1471 Ar

136 1515 270 1592 gustum
292 1507 419 1572 Tiberii
439 1508 623 1590 Drusique,
638 1507 860 1591 privignorum
883 1527 1031 1584 suorum,
1046 1508 1186 1572 Victori

136 1607 345 1675 Vindelicum
368 1627 484 1672 canere
504 1608 649 1692 jussisse
673 1609 864 1686 Horatium,
892 1611 1030 1694 ejusque
1053 1611 1099 1673 rei
1127 1629 1203 1674 cau

135 1719 288 1792 quartum
304 1711 426 1774 librum
440 1709 631 1775 Carmiuum
646 1709 791 1786 addere;
814 1713 890 1775 huic
911 1730 991 1774 sane
1010 1731 1097 1775 anuo
1112 1712 1141 1774 is
1158 1712 1204 1794 ju

134 1831 194 1876 sus
208 1811 358 1894 Augusti
379 1810 445 1874 erit
466 1811 699 1892 assignandus,
714 1832 780 1894 quo
803 1819 882 1895 post
903 1811 1033 1875 triennii
1058 1814 1091 1875 in
1115 1810 1203 1874 Gall'

133 1914 334 1986 absentiam,
347 1910 473 1974 Urbem
483 1913 622 1993 repetiit.
666 1910 765 1976 Certe
781 1911 892 1976 Carm.
908 1929 958 1974 ιν.
974 1912 1026 1973 14.
1042 1930 1108 1975 non
1123 1912 1196 1991 priu

136 2032 243 2096 quam
257 2019 337 2094 post
352 2030 428 2075 eum
443 2012 590 2089 reditum,
604 2014 766 2099 scriptum
782 2034 858 2078 esse
875 2012 1051 2096 probabile
1066 2020 1128 2075 est.

137 2188 184 2254 U.
197 2189 235 2254 C.
250 2191 324 2255 742.
359 2191 409 2255 Μ.
433 2190 587 2255 Valerius
612 2191 771 2257 Messala.
810 2194 850 2257 P.
867 2192 1033 2274 Sulpitius
1061 2189 1199 2268 Quirino

479 2291 523 2356 A.
536 2292 575 2357 C.
590 2294 643 2359 12.
675 2294 806 2358 Horatii
820 2299 874 2378 ξιξ.

179 2411 327 2495 Agrippa
340 2413 489 2488 moritur,
506 2412 547 2475 ad
564 2432 662 2495 quem
676 2433 775 2476 onum
792 2423 843 2478 est
857 2414 967 2479 Carm.
990 2429 1013 2475 1.
1038 2413 1069 2476 6.
1093 2412 1197 2474 incert

134 2513 254 2579 aetatis.

135 2692 182 2757 U.
194 2692 232 2756 C.
253 2694 326 2757 744.
370 2693 469 2757 Julus
494 2691 669 2758 Antonius.
715 2696 760 2772 Q,
777 2696 903 2760 Fabius
929 2695 1101 2760 Maximus
1122 2691 1204 2756 Afri

477 2794 520 2860 A.
537 2796 576 2859 C.
592 2797 645 2861 10.
678 2795 813 2861 Horatii
825 2801 879 2882 ᾗ.

176 2910 292 2989 Dacis,
304 2913 413 2989 Getis,
420 2919 455 2976 et
463 2912 638 2977 Germanis
649 2933 670 2976 a
681 2915 792 2977 Druso
806 2935 844 2978 ac
854 2914 990 2978 Tiberio
998 2915 1109 2988 victis,
1118 2913 1140 2975 J
1143 2933 1183 2974 an

133 3013 268 3075 tertium
285 3012 461 3077 clauditur.
496 3014 694 3079 w.0d.15.
711 3021 746 3078 et
764 3031 803 3075 ιι.
820 3013 926 3093 Epist
941 3015 972 3075 1.
1003 3012 1138 3075 Horatii
1150 3031 1187 3073 o·

134 3130 173 3176 ra
187 3115 380 3189 novissima,
396 3113 462 3176 hoc
478 3132 567 3176 anno
583 3117 709 3195 scripta
724 3113 886 3175 videntur.

134 3275 178 3341 U.
192 3278 231 3343 C.
251 3279 328 3343 746·
375 3275 413 3340 C.
436 3276 588 3340 Marcius
612 3274 825 3340 Censorinus.
867 3276 905 3340 G.
931 3275 1073 3341 Asinius
1098 3276 1199 3341 Gallu

489 3376 532 3441 A.
550 3378 588 3443 C.
603 3379 636 3442 9.
667 3375 799 3441 Horatii
814 3381 865 3444 57.

182 3493 362 3556 Horatium
373 3498 435 3560 hoc
451 3517 538 3561 anno
563 3515 597 3560 v,
613 3495 693 3560 Kal.
714 3495 796 3559 Dec.
820 3504 985 3563 mortuum
1009 3516 1092 3572 esse,
1108 3501 1200 3576 atqu

134 3596 215 3659 dem
245 3592 370 3667 subito,
383 3602 420 3655 ut
444 3614 485 3657 ne
510 3600 636 3679 signare
662 3597 797 3680 quidem
824 3599 1074 3664 Testamentum
1102 3616 1198 3677 poss

134 3698 233 3760 docet
248 3693 388 3756 Sueton.
403 3693 437 3755 in
452 3695 523 3776 ejus
537 3694 636 3777 Vita;
668 3716 778 3761 errore
800 3704 912 3760 tamen
931 3700 966 3758 iu
982 3715 1139 3759 annorum
1158 3694 1204 3757 H«

133 3797 209 3862 ratii
222 3813 360 3858 numero
371 3793 529 3871 admisso,
541 3795 617 3860 dum
630 3814 709 3861 arx.
725 3816 786 3879 pro
800 3812 892 3860 nvn.
908 3798 1012 3876 ponit.
1031 3796 1175 3860 Hieron·
1192 3825 1204 3854 e

136 3897 258 3962 Chron.
276 3895 398 3958 Euseb.
411 3894 456 3956 ad
470 3893 601 3977 Olymp.
613 3898 686 3962 192.
697 3897 729 3960 3.
753 3901 763 3929 ‘
777 3895 942 3959 Horatius
955 3897 1173 3978 quinquagesi
1183 3925 1200 3954 ιι

135 4000 280 4081 septimo
295 3998 406 4061 estatis
423 4014 496 4059 suae
512 4015 598 4062 anno
613 3996 732 4063 Romae
749 3995 905 4061 moritur?

202 4113 292 4175 Delplr.
303 4118 326 4160 et
341 4113 397 4162 Ver.
407 4113 475 4162 Clas.
661 4112 750 4160 Horat.
1148 4104 1169 4146 C
