2408 4200
408 285 443 344 o.
467 283 625 337 nonsrrr
651 284 784 335 rnncor

182 424 269 504 Quis
284 446 349 490 non
365 426 485 492 Latino
500 428 660 508 sangnine
673 428 829 510 pinguior

180 527 329 609 Campus
343 528 505 609 sepulcris
518 528 625 610 impin
638 528 758 611 prelia

223 627 396 703 Testatur,
411 627 629 711 auditumque
644 627 757 692 Medis

269 727 447 809 Hesperiae
463 730 606 792 sonitum
623 731 750 792 rninael

181 828 249 905 Qui
263 847 392 909 gurges,
408 834 468 892 out
482 848 559 911 quae
570 829 705 892 flumina
719 829 867 908 lugubris

181 927 301 1009 Ignara
316 927 421 991 bcllil
445 928 534 1011 qnod
549 948 639 993 mare
655 929 801 993 Dauniae

52 1122 111 1169 rior.
146 1121 207 1176 Qrtls
221 1134 279 1180 eger
295 1120 407 1182 pinguior
417 1117 557 1166 Latinorum
571 1129 651 1162 maore
667 1129 714 1163 stou
728 1115 823 1164 extruet
841 1117 938 1164 usialis
953 1117 1051 1174 infande
1068 1120 1143 1164 cerlo·

52 1184 126 1243 niun,
135 1189 159 1232 et
169 1185 275 1232 mestis
285 1183 489 1243 ltaliaefrogsress
499 1180 580 1227 Medis
589 1177 714 1226 reddunt
746 1179 807 1234 Qaae
821 1194 917 1240 vongo,
931 1181 1000 1242 grtiae
1009 1181 1083 1243 flavii
1097 1194 1144 1229 stes

52 1253 165 1296 πυκναὶ
180 1262 271 1310 pugnos
283 1248 410 1305 funestat
442 1243 540 1303 &cuius
549 1243 622 1290 mama
631 1241 727 1304 Apslloe
736 1244 835 1291 murem
848 1257 893 1291 sos
904 1249 1023 1292 snstmnt
1034 1248 1145 1303 aroges?

506 1398 669 1419 emanue
672 1399 686 1418 θ

51 1503 98 1549 dre.
112 1501 199 1549 Lamb.
210 1501 327 1548 Torrent.
339 1498 417 1561 Crnq.
435 1498 531 1559 Delph.
543 1497 628 1545 Bond.
639 1490 770 1546 Sclirerel.
784 1499 873 1547 Heius.
886 1500 974 1563 Steph.
990 1509 1018 1546 et
1038 1498 1142 1546 Wskst'.

52 1564 104 1613 Sed
117 1565 175 1612 vide
189 1564 274 1625 Heyn.
287 1563 318 1610 ad
332 1563 403 1624 Virg.
415 1561 472 1609 AEu.
485 1575 512 1610 v.
523 1564 646 1609 illaesa
666 1563 727 1615 Quia
735 1563 822 1623 pinges
836 1563 907 1610 Harl.
918 1568 943 1610 6.
955 1571 982 1611 et
994 1561 1048 1610 nu.
1061 1567 1082 1609 1.
1095 1563 1142 1609 lto·

53 1629 124 1674 clrer.
136 1634 163 1674 et
175 1627 280 1674 Venett.
296 1629 368 1673 1478.
387 1628 458 1675 1492.
471 1628 542 1673 159⁰.
567 1623 754 1686 ecpaoeflssnino
766 1626 868 1673 enread.
881 1627 992 1688 Coning.
1004 1633 1030 1674 et
1047 1623 1141 1674 Senad.

539 1766 647 1818 NOTAE

53 1881 129 1943 guine
140 1880 238 1928 illorum
256 1894 357 1929 manes:
376 1879 575 1943 posteaglsdia·
613 1876 809 1941 gsiorcnatpss]
826 1879 906 1927 istum
923 1878 1013 1926 Poeta
1032 1879 1142 1927 nostris

53 1960 122 2002 tores
133 1953 273 2003 introducti
288 1956 319 2003 ad
339 1957 450 2004 tumulos
468 1954 576 2005 defunc·
617 1953 740 2001 Pollionis
759 1952 904 2001 laudatione
920 1953 951 2000 sd
964 1953 1075 2000 civilium
1087 1953 1142 2002 bel·

51 2035 134 2076 torum
152 2037 304 2090 pugnantes.
333 2030 397 2078 Cum
411 2044 472 2078 vero
483 2027 536 2076 dux
549 2029 574 2076 in
616 2027 696 2075 lorum
708 2027 878 2089 deplorandus
890 2027 976 2075 clades
984 2034 1010 2075 et
1019 2042 1141 2078 erunruus

53 2102 109 2150 scis
127 2118 208 2152 cesus
227 2112 305 2165 esset,
320 2104 388 2166 cepti
407 2117 439 2152 ex
458 2103 575 2151 hostibus
618 2101 755 2149 transitum
772 2116 822 2149 non
841 2101 934 2164 probst
947 2101 1071 2164 Scaliger,
1083 2116 1141 2149 curn

52 2177 84 2224 ad
97 2178 153 2240 ejus
171 2180 318 2240 sepulcrum
337 2178 533 2227 immolabuntur
544 2192 575 2226 ac
616 2182 701 2223 tamen
712 2175 840 2223 Pindarus
849 2176 943 2237 aliique
955 2176 1065 2237 insignes
1076 2175 1142 2224 Po'e'·

52 2254 120 2301 velut
132 2253 230 2302 inferiae
247 2256 271 2303 ei
287 2255 466 2303 mittebantur.
498 2253 574 2301 llind.
615 2256 650 2297 tte
673 2248 833 2313 frequentius
850 2249 911 2297 nihil
929 2249 1048 2310 niteant,
1068 2251 1142 2298 nilril·

51 2333 80 2377 Ψ.
102 2333 158 2377 lin.
191 2329 303 2377 Achilles
323 2329 438 2378 Patrocli
457 2327 575 2376 manibus
615 2336 664 2385 que
676 2325 791 2371 ornatius
808 2337 883 2385 quens
899 2323 1026 2384 ejusmodi
1042 2323 1140 2384 digres-

50 2403 181 2465 placandis
193 2403 326 2452 duodecim
334 2405 457 2466 'l'rojanos
468 2410 573 2462 mactet,
614 2397 707 2457 aiones,
730 2397 810 2460 iisque
830 2412 951 2445 summam
971 2405 1051 2444 artent
1070 2398 1142 2444 exiri·

52 2484 129 2538 etque
141 2478 166 2523 in
178 2479 232 2538 ejtrs
251 2494 339 2540 pyram
360 2479 448 2541 injicit.
482 2477 573 2536 Virgil.
615 2472 676 2521 ltere
688 2475 795 2522 soleant.

51 2549 149 2596 AEneid.
172 2565 198 2597 x.
221 2557 277 2600 517.
305 2554 452 2600 ‘Sulmone
473 2562 574 2598 creatos
646 2556 675 2598 ³1
695 2553 853 2613 deditumque
867 2553 944 2600 Medis
964 2551 1087 2613 Hesperie
1104 2568 1140 2599 so·

51 2621 167 2670 Quattuor
189 2624 228 2670 nic
242 2625 359 2684 juvenes,
382 2625 489 2673 totidem
512 2640 574 2687 qnos
614 2626 690 2673 nitunt
715 2625 800 2687 mino]
832 2628 940 2675 Tnntnut
970 2626 1139 2674 Romanorum

51 2694 145 2744 educet
164 2695 255 2758 Ufens,
275 2700 397 2748 Viventes
415 2700 491 2761 repit,
510 2698 574 2747 inse·
615 2702 715 2750 cladem
727 2713 753 2750 et
766 2712 816 2750 tam
834 2701 967 2762 fumosum,
981 2710 1010 2750 nt
1023 2705 1139 2751 rernotis·

51 2770 101 2816 rins
120 2787 182 2834 quos
200 2772 313 2822 immolet
333 2774 436 2834 umbris,
451 2775 572 2836 Captivo-

52 2859 100 2906 que
124 2848 178 2907 rogi
200 2847 340 2910 perfundat
362 2850 485 2911 sangnine
501 2848 572 2898 flem-

50 2917 121 2964 ruas!

81 2993 221 3056 Jugurtloe]
234 2996 259 3044 Is
271 2996 328 3045 Rex
339 2999 508 3047 Numidarum
520 3001 573 3048 acri

51 3069 88 3116 rir
100 3069 260 3132 impigreque
279 3073 390 3134 iugenio,
403 3088 476 3120 mauu
489 3088 573 3134 protu-

49 3147 99 3201 tus,
126 3153 153 3191 et
181 3146 269 3205 gloriae
298 3149 413 3195 militaris
439 3156 574 3209 uppetona,

49 3230 168 3278 msgnunr
192 3227 218 3267 et
238 3228 308 3266 atrox
327 3223 445 3282 variaque
466 3223 574 3270 victoris

50 3305 106 3338 curn
126 3293 225 3352 Populo
247 3295 359 3341 Romano
379 3296 474 3342 bellum
487 3297 574 3357 gessit,

49 3364 131 3413 donec
154 3367 243 3413 missus
265 3369 290 3414 in
310 3370 455 3417 Numidiam
476 3372 572 3419 Murius

48 3437 185 3499 Jugnrtltce
207 3438 285 3501 fregit
304 3455 374 3501 opes,
393 3444 527 3504 ipsumque
540 3445 571 3492 ad

49 3522 165 3561 extrema
177 3516 309 3575 compulit.
345 3516 369 3562 le
384 3519 450 3563 enirn
464 3519 495 3562 ud
508 3520 572 3566 Buc-

49 3588 123 3636 chum
133 3589 294 3636 Mauritaniae
306 3604 391 3650 regem
402 3589 489 3651 fugere
499 3607 571 3639 coac·

50 3671 101 3722 tus,
113 3663 144 3710 nb
158 3664 213 3724 ipso
225 3664 349 3724 proditus,
362 3680 391 3712 ac
403 3667 481 3727 Syllae
495 3669 572 3714 tradi-

51 3745 90 3785 tus
102 3746 151 3797 est,
163 3753 177 3783 n
189 3752 239 3799 quo
253 3739 391 3799 perductus
407 3740 438 3785 ad
452 3742 571 3794 lllnriuur,

49 3811 120 3873 hujus
131 3814 286 3874 triuntpluuu
300 3815 432 3861 decoravit
444 3833 449 3859 :
463 3817 570 3877 denique

50 3891 133 3935 trusus
146 3890 170 3934 in
183 3903 323 3948 carcerem,
334 3889 384 3936 illic
394 3904 501 3936 nroerore
511 3904 570 3936 con·

51 3957 142 4006 tabuit.
171 3965 351 4012 EnSnilustio.

81 4039 113 4082 29
133 4038 190 4089 Quis·
212 4055 254 4086 nou
279 4042 363 4088 Latino
385 4043 498 4101 sunguine
519 4041 569 4101 tiu·

615 2778 685 2825 simis
697 2793 777 2842 usque
789 2779 821 2826 ad
834 2779 969 2826 Orientem
983 2779 1083 2839 populis
1096 2794 1140 2826 nn·

614 2853 668 2899 dits
678 2854 720 2901 sit.
757 2855 797 2902 De
809 2854 895 2902 Medis
906 2864 933 2902 et
947 2855 1075 2916 Hesperie
1087 2855 1139 2903 diri

614 2927 690 2974 lib.r.

646 3004 676 3047 st
696 2999 812 3059 Dortaioe]
831 2999 861 3047 ld
872 3007 922 3057 ert,
933 2999 1044 3060 ApuHae,
1054 3008 1081 3048 nt
1095 3016 1138 3049 no·

614 3074 666 3122 tari
678 3074 723 3121 lib.
736 3089 755 3122 r.
789 3073 864 3122 Hanc
877 3088 937 3121 uero
948 3083 1072 3122 memoret
1084 3075 1138 3124 llo·

614 3150 692 3197 ratius
709 3164 739 3197 eo
757 3150 824 3212 quod
837 3164 883 3211 per
895 3149 1055 3197 Adriaticum
1069 3165 1138 3200 mere

614 3225 701 3272 Caesnr
729 3223 873 3272 Brundusio
903 3222 1034 3286 proiectus
1062 3226 1138 3272 Porn-

614 3302 698 3361 peium
712 3302 842 3349 innccutus
854 3301 897 3347 sit.
918 3300 983 3346 Vide
995 3301 1138 3349 Continent.

613 3374 751 3421 Caesnnde
764 3375 829 3420 Bell.
841 3373 917 3420 Ciril.
929 3387 947 3419 t.
958 3377 997 3420 27.
1010 3380 1100 3436 etseq.
1111 3381 1138 3422 et

614 3460 655 3494 ιιι.
668 3452 691 3493 2.
705 3455 797 3508 etseq.
811 3446 852 3493 ubi
865 3449 900 3494 sic
912 3447 1036 3495 liabetur:
1056 3455 1062 3475 ⁸
1076 3451 1137 3496 Dic·

613 3529 700 3569 tnturu
722 3535 748 3568 se
772 3521 875 3568 nbdicnt
898 3524 992 3581 Cusnr,
1019 3524 1051 3569 nb
1074 3524 1136 3570 urbe

613 3595 791 3655 proficiscitur,
810 3598 1028 3658 Brtrrtrltuirrmque
1049 3613 1136 3658 peree-

614 3671 659 3716 nit.
694 3672 729 3717 Eo
744 3673 856 3732 legiones
876 3673 1020 3730 duedecim,
1037 3675 1134 3734 equits·

613 3753 665 3789 turn
679 3760 778 3792 omnent
789 3748 1000 3808 renirejusserat.
1018 3749 1069 3795 Sed
1079 3755 1133 3794 ten·

612 3826 664 3865 tunt
677 3822 774 3867 navium
788 3823 1076 3885 reperit,&c....grnvis
1090 3836 1134 3869 uu·

611 3901 712 3941 tutunus
728 3897 869 3959 luitpoldi,
887 3899 1033 3961 circumque
1052 3897 1135 3944 Brun-

610 3967 788 4034 dusiuntg'dcc.
