2408 4200
49 257 113 322 lle
406 272 439 333 o.
467 270 626 321 nonarn
652 273 783 322 resecr

136 414 222 491 Qoae
236 433 324 478 nuuc
338 414 500 497 oppositis
514 413 664 479 debilitet
677 413 865 496 pumicibus
878 432 968 478 mare
1116 417 1137 476 3

134 514 351 596 Tyrrhenum.
397 515 531 596 Sepias,
544 514 624 578 vina
637 514 758 596 liques,
774 521 807 578 et
822 516 933 596 spatio
947 515 1039 578 brevi

51 695 91 742 det
102 697 169 758 bone,
185 712 236 760 qma
247 701 313 747 uredo
326 700 452 748 Etruscam
467 700 565 761 pelagas
573 697 672 760 srmgit
686 695 781 758 objeetia
791 676 896 760 rapidas.
922 696 1020 759 &piem
1030 697 1072 757 sir,
1083 693 1138 742 oisc

476 846 480 855 ι
505 835 683 858 menonem

51 931 283 993 interrogandi—⁵
304 933 431 994 Quinam,
450 939 479 980 ut
496 931 529 980 ad
546 932 638 982 Jorear
651 931 787 994 pertineat.
808 933 898 982 Bland.
910 939 1028 996 quatuor,
1045 933 1139 996 impro-

52 995 257 1046 panteiano-o
274 995 327 1044 Pro
339 995 426 1058 Sepias
437 996 517 1045 With.
537 995 605 1058 conj.
618 994 731 1057 inceptu.
765 995 837 1044 Harl.
849 1002 873 1045 ll.
892 997 947 1045 ciac
958 996 1076 1045 tibae-7
1094 997 1138 1042 Sa-

543 1119 648 1170 Nom

51 1232 98 1281 pro
117 1224 172 1267 toto
187 1233 268 1268 anno:
294 1218 429 1282 posteriori
448 1231 509 1267 roro
528 1231 576 1280 pro
616 1214 715 1263 dulcius
738 1213 882 1264 reddebant
902 1215 996 1274 sinum,
1016 1215 1140 1278 potuique

52 1299 207 1355 tempestate
224 1293 348 1354 hyemali:
369 1292 573 1357 quandoquidem
611 1291 762 1353 jucundior.
781 1290 849 1338 iiiuc
860 1291 1141 1353 vocetur'l'beophrast.

52 1369 112 1417 satis
126 1375 208 1430 patet,
219 1369 279 1431 quid
292 1369 354 1417 velit
367 1368 501 1416 Horatius.
617 1378 657 1422 γι.
667 1369 708 1414 24.
721 1364 810 1424 lonis,
819 1371 958 1425 murtam,
968 1366 1035 1430 quod
1048 1380 1140 1427 nempe

83 1449 97 1490 ⁵
117 1445 177 1498 Qua
191 1457 252 1490 aare
264 1443 385 1506 oppositis,
394 1443 447 1504 isc]
462 1440 574 1504 Syneed.
614 1439 988 1501 sparteisestsesciacolatnrn.
1000 1440 1064 1488 Cel.
1074 1440 1141 1488 Rho·

51 1517 77 1564 id
99 1524 149 1575 est,
171 1531 221 1579 qna
238 1515 332 1566 fluetus
351 1517 476 1581 Tyrrheni
495 1516 573 1564 maris
614 1513 666 1575 dig·
678 1518 831 1564 xxviii-uti.
850 1515 1021 1564 ‘Enoircbunr
1031 1522 1059 1563 et
1071 1514 1140 1563 effre·

51 1592 153 1652 hyeme,
165 1600 193 1639 ut
203 1590 243 1651 tit,
254 1593 375 1652 procellis
386 1591 477 1654 agitati
489 1589 521 1638 ad
531 1605 573 1638 ro·
615 1586 757 1648 mioatum,’
766 1601 799 1635 ea
809 1588 949 1637 Plutarcho
961 1603 1018 1637 moa
1026 1590 1140 1649 citando,

52 1679 98 1726 pes
119 1665 265 1724 alliduntur,
282 1665 444 1723 debilitantur,
454 1663 573 1726 frangun-
615 1662 695 1723 ‘quia
713 1663 855 1725 percolatlo
871 1663 914 1711 illa
930 1663 981 1711 vini
994 1678 1085 1712 nervos
1097 1678 1141 1712 ex·

53 1746 103 1786 tnr.
132 1738 242 1789 Quidem
255 1740 341 1798 legunt
354 1738 411 1798 Qui,
422 1746 449 1786 et
458 1734 575 1786 referunt
615 1735 688 1795 cidit,
710 1751 740 1784 ac
757 1737 892 1800 genuinum
914 1738 1050 1799 restinguit
1073 1740 1140 1787 calo·

52 1812 83 1859 ad
97 1826 194 1875 nocem,
204 1814 309 1874 Jupiter.
342 1813 392 1861 Sed
408 1813 514 1875 vulgata
524 1814 575 1861 lec·

52 1887 88 1934 tio
101 1886 261 1946 preferenda
272 1887 375 1934 videtur
386 1885 547 1936 doctissimis.

85 1960 232 2021 Parricidae]
250 1961 349 2008 anex
366 1961 432 2022 lapis
448 1966 489 2009 est
500 1974 576 2022 apon-

52 2033 146 2096 giosus,
152 2048 236 2096 asper,
242 2032 363 2082 fotamine
373 2034 509 2097 multiplici
519 2051 575 2098 per·

51 2117 132 2168 tusus,
153 2123 242 2169 cavus,
261 2123 427 2157 cavernosus:
453 2111 521 2158 unde
544 2111 576 2158 ab

52 2182 131 2231 Ouid.
143 2183 151 2210 ‘
164 2182 332 2244 multicavus,’
345 2199 359 2231 a
376 2184 465 2246 Virgil.
476 2185 574 2234 AEneid.

52 2271 79 2303 r.
89 2261 144 2305 21⁴.
155 2264 183 2306 et
194 2271 244 2306 ιιι.
256 2262 311 2307 587.
322 2260 329 2286 ‘
342 2258 498 2307 latebrosus'
513 2259 575 2308 dici·

52 2337 102 2379 tur.
131 2332 171 2379 De
193 2333 243 2381 isto
263 2334 376 2396 lapidum
393 2347 488 2395 genere
506 2335 574 2383 Plio.

51 2418 147 2454 xxxnr.
158 2410 199 2454 21.

84 2482 154 2529 More
176 2484 332 2545 Tyrrhenum]
348 2483 485 2543 Theseum,
505 2480 573 2529 Infe-

51 2568 116 2613 rum,
126 2557 192 2616 quod
206 2567 316 2617 pareest
329 2559 404 2604 maris
421 2557 573 2606 Mediterra-

52 2631 93 2675 uei
105 2646 111 2676 ι
125 2630 149 2677 id
162 2645 222 2677 vero
234 2631 339 2679 nominis
351 2634 375 2680 ei
384 2633 457 2681 dedit
468 2633 577 2694 Tyrrhe·

52 2717 98 2749 uris
121 2703 198 2764 Atyos
219 2706 307 2766 Lydiae
326 2708 401 2767 Regis
419 2707 495 2766 iilius,
507 2714 576 2766 post-

53 2790 127 2838 quam
144 2777 176 2824 ad
195 2778 290 2825 viciuos
310 2788 391 2826 terrae
407 2795 464 2827 enm
477 2780 576 2828 colonia

54 2851 204 2911 appulisset,
230 2853 345 2901 Tusciam
369 2869 469 2916 nempe,
491 2855 575 2918 ibique

51 2924 139 2971 aedem
152 2924 257 2974 fixisset.

84 2998 211 3060 tiSupt'as]
238 3002 374 3061 [duplicant
393 3003 522 3050 nonnulli:
549 3003 576 3050 si

52 3073 144 3134 sapias,
163 3076 260 3123 scilicet
279 3084 351 3123 utere
372 3079 433 3134 vita,
450 3077 523 3138 genio
538 3077 576 3124 in·

53 3146 139 3209 dulge,
164 3151 221 3196 vina
245 3151 302 3197 bibe
324 3166 398 3213 qnam
419 3152 525 3212 optima.
547 3152 575 3198 li·

54 3232 141 3284 quata,
153 3228 201 3273 dre.
219 3226 344 3273 Priscian.
359 3240 441 3273 xvru.
454 3231 477 3273 3.

89 3300 148 3346 Vino
167 3299 251 3360 liques]
272 3301 321 3347 Vel
339 3301 499 3359 simpliciter,
520 3300 576 3346 vion

54 3372 136 3430 bibas,
145 3387 173 3420 ac
187 3372 265 3418 veluti
279 3386 324 3432 per
336 3381 425 3430 guttur
435 3374 511 3418 coles.
530 3375 577 3418 Vel

53 3446 147 3507 potius,
159 3444 294 3490 hilaritatis
306 3457 382 3490 causa
393 3453 480 3502 satage
493 3454 520 3492 ut
533 3461 576 3506 po·

55 3535 95 3568 res
109 3520 154 3566 tibi
177 3519 235 3564 vina
252 3532 325 3564 sacco
344 3519 483 3579 percolata,
499 3520 577 3569 deiae-

54 3603 121 3653 cata,
139 3592 222 3638 duricia
240 3593 276 3638 sic
294 3591 394 3649 effectu,
408 3593 522 3656 adeoque
534 3612 577 3645 no·

55 3675 119 3714 turae
132 3674 157 3712 et
170 3667 254 3725 palato
267 3668 382 3714 muliebri
401 3675 578 3720 accoruruoda-

54 3741 127 3786 tiore.
144 3740 251 3786 Veteres
265 3756 356 3801 nempe
367 3747 577 3806 rurretum,prins·

53 3829 127 3876 quum
150 3813 299 3875 ferbuisset,
315 3833 360 3878 per
380 3833 481 3866 saccum
501 3823 576 3869 toties

616 1826 687 1859 rem:
713 1813 812 1861 mollins
831 1819 915 1860 antem
934 1810 996 1861 facit
1018 1813 1050 1860 ad
1074 1814 1140 1873 pulte

616 1887 808 1936 curiositatem:
826 1887 874 1935 hoc
889 1888 969 1935 veluti
982 1887 1141 1948 sophismate

617 1962 722 2010 invento
745 1969 772 2010 et
785 1962 943 2023 excogitato,
961 1968 990 2009 nt
1009 1962 1141 2023 perdendo

618 2034 672 2081 nati
691 2035 749 2084 vino
767 2035 902 2096 plurimum
916 2035 1019 2083 valeant
1031 2035 1142 2098 ingurgi-

616 2108 690 2157 tare.’
717 2109 785 2157 Plio.
798 2122 856 2157 xiv.
867 2114 907 2158 ᾗ.
921 2115 928 2137 ‘
942 2110 978 2158 Ut
991 2111 1047 2172 plus
1058 2112 1142 2174 capia-

615 2198 671 2231 mus
689 2184 751 2244 vini,
768 2198 843 2232 sacco
861 2183 1002 2246 frangimus
1014 2186 1096 2234 vires:
1114 2194 1142 2235 et

615 2259 666 2306 alia
686 2257 847 2305 irritamenta
866 2258 1063 2316 excogitantur:
1083 2273 1141 2308 arx.

615 2336 640 2381 t.
651 2338 658 2359 ¹
668 2331 812 2379 Ferendum
821 2345 883 2378 saue
893 2330 986 2379 luerit.
996 2365 1017 2378 ..
1028 2366 1034 2378 .
1044 2333 1142 2381 invete-

616 2406 666 2453 rari
677 2406 745 2462 rina,
758 2405 889 2468 saccisque
900 2406 1005 2453 castrari
1014 2407 1029 2452 ι’
1041 2407 1074 2453 al.
1092 2422 1141 2454 ecs·

615 2481 699 2541 tigeri.
717 2493 798 2527 xxru.
809 2484 830 2526 l.
851 2479 1038 2528 ‘Utilissimum
1056 2482 1141 2531 vinnm

615 2555 732 2602 omnibus
746 2568 822 2602 sacco
835 2553 928 2602 viribus
944 2553 1054 2602 fractis!
1081 2557 1143 2603 Plu·

617 2629 699 2677 tarclr.
710 2629 827 2690 Sympos.
836 2629 889 2675 sive
899 2629 1031 2677 Convival.
1042 2630 1141 2680 Queat.

618 2717 656 2753 vr.
668 2706 692 2751 7.
707 2704 760 2750 ait:
777 2705 784 2728 ‘
799 2703 952 2751 Exolescere
970 2705 1064 2766 vinnm,
1084 2720 1140 2753 curu

616 2783 667 2824 tam
688 2775 778 2824 crebro
798 2774 959 2837 diffunditur,
981 2792 1087 2841 esseque
1109 2781 1140 2828 ad

617 2852 785 2899 bibacitatem
816 2861 987 2901 commentum
1016 2855 1140 2915 ejusmodi

617 2927 833 2986 persolutionem:
852 2928 950 2975 detrahi
963 2930 1020 2976 vino
1036 2929 1141 2976 tirmite-

618 3010 670 3048 tem
689 3001 778 3048 relicto
797 3000 978 3060 blandimento,
990 3003 1014 3048 vi
1026 3003 1069 3049 illu
1084 3018 1141 3064 qum

617 3084 729 3124 mentem
742 3075 853 3127 solicitat
866 3084 893 3124 et
905 3075 1010 3123 infestat
1021 3078 1104 3138 ejecta
1116 3085 1143 3125 et

617 3152 737 3208 exclusa;
751 3150 832 3211 ipsum
842 3164 902 3197 vero
910 3151 1049 3210 jucundius
1060 3150 1141 3200 effici:

618 3240 701 3286 neque
713 3227 801 3272 sicuta
810 3224 880 3272 ferro
888 3225 1003 3274 acumine
1015 3226 1140 3284 decusso,

618 3300 663 3348 sed
676 3301 761 3360 potius
773 3300 844 3347 velut
857 3300 974 3360 rubigine
988 3310 1015 3348 et
1026 3302 1141 3349 sordibus

618 3375 736 3422 detersis.
769 3374 873 3434 Quippe
887 3373 1024 3422 defaecatio
1036 3377 1078 3423 illa
1092 3378 1140 3423 riui

620 3450 679 3507 nim,
691 3463 747 3509 qum
763 3456 841 3507 caput
860 3455 953 3504 tentat,
974 3449 1086 3498 detrabit
1103 3459 1139 3497 at·

618 3535 666 3585 que
678 3523 708 3568 ad
722 3529 816 3569 statum
829 3521 924 3583 redigit
937 3525 1024 3573 mitem
1038 3534 1064 3572 et
1076 3525 1140 3571 salit·

618 3596 706 3645 brem.'

649 3672 731 3733 Spntt'o
751 3672 814 3720 breui
837 3674 907 3733 Spem
930 3675 1024 3732 longum
1043 3671 1139 3730 reseces]

618 3747 720 3796 eranto
733 3748 833 3794 brevius
850 3756 889 3794 est
904 3748 963 3794 vitm
976 3753 1069 3793 nostra·
1082 3758 1139 3804 spu·

617 3824 690 3879 tium,
710 3829 780 3869 tanto
799 3822 944 3869 resecandae
962 3833 1020 3879 apes
1037 3818 1138 3877 torique:

53 3891 180 3951 celabant,
193 3902 222 3941 nt
239 3893 425 3941 desecaretur:
444 3905 522 3958 atque
540 3898 576 3943 sic
615 3896 696 3941 minus
708 3895 905 3956 expectandum,
917 3893 996 3939 miuus
1011 3889 1138 3938 fidendum

54 3964 164 4025 ademta,
177 3984 232 4029 quae
246 3969 296 4016 vini
314 3970 362 4016 uiur
381 3971 426 4018 alit
438 3977 575 4032 augetque,
616 3967 703 4017 futuro
714 3986 721 4027 ;
733 3984 816 4032 neque
827 3971 891 4018 adeo
902 3964 1072 4013 differendum
1083 3980 1138 4013 car-

52 4035 128 4103 t‘aece,
142 4041 269 4104 liquidius,
278 4043 437 4105 imbecillius,
449 4051 476 4092 at
485 4045 575 4104 lenius,
617 4056 677 4105 pere
700 4053 840 4106 presentes
859 4040 963 4090 letandi
983 4041 1138 4092 occasiones.
