2408 4200
70 269 133 333 2th
272 254 276 261 ’
428 289 461 347 Q.
485 287 642 335 nourrii
669 289 798 338 rancor

195 436 295 499 illum
310 440 385 516 aget
402 451 511 515 penna
524 435 689 495 metuente
706 432 793 494 solvi

452 533 559 597 Fama
575 538 725 615 superste
744 550 773 595 s.

197 634 316 697 Latius
330 652 444 714 regnes
458 632 592 696 avidum
607 632 771 697 domando

193 734 366 814 Spiritum,
382 752 483 815 qaam
498 734 528 796 si
543 734 684 815 Libyam
699 736 831 798 remotis

191 832 342 897 Gadibus
351 833 486 917 jungas,
498 839 531 896 et
544 838 681 917 uterque
692 836 822 899 Poenus

448 933 580 999 Serviat
589 936 658 1000 uni.

63 1126 101 1172 olo
112 1125 207 1173 dissolui
218 1125 358 1184 refugiente.
391 1123 500 1185 Amplius
515 1124 671 1172 Miraberis
686 1125 792 1186 sapidam
809 1125 921 1173 marmio
936 1130 1044 1182 mntem,
1055 1126 1154 1186 qemi

63 1188 163 1252 Libyam
173 1191 246 1237 addas
256 1187 390 1251 longinquis
402 1187 518 1247 croam,
529 1193 599 1250 alque
610 1189 652 1236 sni
662 1188 801 1248 wasser
813 1190 908 1251 gemina
922 1190 1050 1248 Carthago.
1083 1189 1153 1237 Saea

63 1430 88 1476 in
100 1431 194 1487 fratres
211 1445 236 1477 o.
244 1431 408 1489 scaleni-t
427 1430 555 1491 Porphyr.
567 1428 641 1478 Harl.
660 1434 682 1477 1.
703 1444 791 1478 ornnes
809 1430 930 1478 Turrem.
942 1427 1053 1476 Bentleii
1064 1428 1153 1477 Graev.

63 1493 137 1540 Leid.
150 1493 241 1551 Regin.
256 1501 281 1539 et
301 1494 355 1553 ipse
376 1493 463 1541 Bentl.
481 1494 549 1553 ugit:
565 1495 602 1542 aic
614 1494 691 1541 etiam
705 1493 786 1542 Kidd.
810 1507 886 1554 pennu
903 1493 966 1540 laed
983 1497 1098 1540 meletulo
1110 1491 1152 1539 ed.

61 1556 145 1616 prima
164 1556 259 1602 Mureti
276 1555 343 1602 unde
361 1556 385 1602 ln
398 1557 493 1605 Venet.
506 1560 577 1605 lose.
590 1565 618 1602 et
630 1557 694 1602 alias
705 1555 829 1618 quasdam
843 1557 960 1617 vulgatas
972 1555 1052 1603 venit.
1086 1555 1153 1603 Vide

61 1617 150 1664 Lamb.
164 1624 190 1664 et
210 1617 307 1664 Mutet.
319 1618 392 1663 Vsrr.
403 1619 488 1666 Lecta.
499 1632 518 1665 r.
532 1622 556 1666 7.
573 1623 684 1666 resecate
700 1619 761 1665 aoloi
780 1619 881 1665 emend.
893 1620 1036 1667 sarad-9
1052 1619 1153 1667 muta

60 1693 144 1738 regnes
164 1693 227 1726 uuus
248 1679 397 1726 Bersmanoi
418 1687 446 1728 et
465 1681 540 1727 Dess-
557 1685 646 1729 a—tl
666 1680 804 1728 Schrader.
815 1681 915 1728 emend.
943 1687 1040 1741 aterque
1056 1688 1152 1742 pontu,

62 1742 170 1791 Emend.
181 1757 240 1806 cap.
251 1756 287 1791 tv.
299 1758 324 1806 p.
334 1746 440 1793 tta-12
457 1742 550 1792 Serolel
565 1744 608 1791 aui
622 1744 696 1797 Harl.
710 1748 797 1794 1.-18
816 1743 933 1792 Lambini
953 1745 1028 1791 codd.
1039 1747 1153 1807 quidam,

550 1877 656 1927 Nom

58 1977 208 2026 victitarent
223 1989 254 2023 ac
268 1982 481 2029 sustentarentur,
494 1989 582 2023 recou·
623 1974 734 2024 mittere.
751 1974 787 2022 Ut
796 1987 857 2036 ergo
867 1973 1003 2022 Sallustius
1016 1973 1057 2021 ille
1071 1973 1150 2034 prior,

58 2051 214 2101 oiliotionem
227 2050 330 2112 insuper
342 2058 369 2099 et
381 2050 479 2098 veniam
492 2062 583 2111 proco·
623 2063 766 2113 quanquam
789 2049 919 2099 Numidiae
940 2049 1092 2113 praelectus,
1106 2064 1150 2098 ae·

58 2126 135 2173 ravit.
152 2124 217 2172 Vide
231 2125 307 2171 Dion.
321 2124 364 2171 lib.
378 2137 434 2171 arv.
450 2124 583 2172 Plutarch.
624 2139 751 2189 quaquam
768 2124 827 2172 iude
848 2124 947 2172 beatior
970 2124 1025 2178 suit.
1048 2125 1084 2171 sic
1102 2139 1149 2172 uec

57 2202 83 2249 in
94 2201 155 2248 Vita
169 2198 284 2260 Antonii,
295 2200 362 2247 Plin.
374 2212 424 2246 vu.
435 2204 475 2248 45.
624 2200 754 2260 posterior
765 2199 861 2261 abipso
876 2199 1022 2260 adoptatus,
1036 2200 1150 2261 quamvis

90 2279 104 2322 7
123 2275 194 2321 Illum
211 2280 266 2334 agel
282 2288 366 2335 penori,
384 2272 436 2335 lya]
452 2273 584 2322 Tradueet
624 2274 730 2336 Libyam
743 2272 849 2334 Africae,
866 2282 891 2322 ct
910 2275 998 2323 Gades
1016 2275 1148 2337 Hispanias

55 2351 123 2400 t‘sms
136 2365 227 2399 oonteo
239 2351 367 2398 Proculeii
380 2352 539 2414 gloriamque
551 2351 582 2397 ad
623 2350 767 2411 provincias
786 2348 882 2412 domet,
899 2366 948 2399 aon
965 2350 1073 2408 proinde
1085 2349 1148 2398 felix

57 2434 189 2488 posteros:
206 2440 282 2485 penno
299 2431 415 2473 melaenle
433 2426 501 2483 solvi,
519 2439 582 2471 nuu-
623 2422 769 2469 habendus:
788 2422 846 2469 etsi
857 2424 880 2468 ei
892 2421 1029 2468 animaist
1042 2437 1072 2469 ac
1088 2423 1147 2471 sub-

56 2513 130 2560 quam
154 2499 317 2545 dissolvenda
342 2497 503 2544 celebritate.
539 2497 581 2546 Sic
618 2496 840 2557 jiciaturulerquc
852 2497 1148 2558 PoeauautraqueCar·

56 2571 126 2625 alibi,
144 2571 260 2630 ‘culpari
281 2570 372 2617 metuit
392 2569 476 2631 lides‚'
493 2571 580 2631 idest,
622 2570 707 2631 mago,
716 2568 837 2617 Africana
855 2585 930 2633 quam
949 2571 1029 2629 Dido,
1042 2580 1068 2619 et
1087 2571 1146 2620 His·

55 2653 130 2694 cavet
143 2644 251 2706 culpari,
262 2644 296 2690 its
309 2652 336 2691 ut
348 2657 475 2707 uunquam
493 2647 579 2708 culpe·
621 2646 721 2706 panias,
734 2660 807 2706 quam
822 2645 967 2693 Hasdrubal
979 2644 1103 2694 condidit.

56 2729 105 2770 tur.
136 2721 246 2772 Quintil.
263 2720 380 2769 Declam.
395 2735 433 2768 vr.
461 2721 581 2784 ‘Inipsa
654 2723 681 2767 ll
714 2718 832 2780 Gadibus]
866 2721 964 2769 Gadira
993 2722 1147 2785 Ptolemaeo,

55 2804 125 2843 astra
136 2797 268 2843 sublimem
279 2802 392 2857 pennata
403 2795 485 2843 virtus
497 2795 579 2845 feret!
621 2793 721 2843 Gaddir
740 2809 785 2842 seu
797 2795 880 2843 Gadir
898 2799 965 2859 apud
987 2797 1090 2854 Poenos,
1102 2799 1147 2846 bo·

53 2869 141 2915 Sidou.
165 2869 251 2930 Apoll.
271 2882 330 2916 viu.
351 2875 389 2918 11.
424 2869 506 2917 ‘Eum
519 2872 579 2932 jure
620 2868 662 2917 die
681 2870 764 2929 Cadit,
782 2871 865 2917 insula
885 2880 912 2919 et
933 2873 992 2920 urbs
1013 2873 1145 2935 Hispaniae

54 2956 172 2991 censeres
191 2951 249 3005 post
268 2944 423 2992 Horatianos
440 2954 467 2994 et
485 2946 580 2994 Pinda-
621 2945 725 2992 Baetica
738 2946 846 3005 a'lyriis
856 2945 969 2993 condita.
987 2948 1088 2994 Ferrar.
1100 2947 1144 3005 yrt-

53 3019 120 3067 ricos
137 3033 232 3082 cycnos
251 3020 339 3082 glorie
359 3021 447 3083 peuuis
464 3024 580 3072 evolatu-
619 3022 688 3080 drapo,
711 3021 782 3081 quasi
802 3019 847 3077 γῆς
868 3021 940 3080 δεῖρα,
962 3024 1033 3067 terra
1053 3025 1143 3069 cervix.

56 3095 129 3143 ruuu'
618 3095 734 3143 Euatatb.
750 3095 774 3142 in
788 3094 896 3156 Dionys.
915 3093 1045 3142 veriorem
1057 3104 1142 3144 tamea

85 3170 201 3218 libutius
218 3186 309 3229 regnes,
325 3171 378 3232 tra]
402 3173 463 3220 Tac.
487 3172 578 3221 Auaal.
617 3172 797 3234 etymologiam
818 3172 966 3233 expiscatus
986 3172 1142 3236 videturqui

54 3259 96 3293 ιιι.
119 3245 151 3291 de
170 3246 200 3293 C.
221 3246 341 3293 Sallustio
365 3248 472 3309 Crispo:
503 3248 577 3310 ‘tuq
617 3247 873 3296 siceauit2‘Gadir
891 3251 973 3309 prima
991 3247 1085 3297 fretum
1104 3265 1143 3298 so·

52 3334 194 3382 quanquam
222 3334 322 3380 promto
349 3323 381 3368 ad
405 3325 576 3384 capessendos
616 3325 667 3371 lida
689 3325 862 3385 supereminet
891 3337 959 3380 arce,
989 3323 1142 3388 Attollitque

50 3396 159 3443 honores
173 3395 426 3453 adiuuMaeceuatcm
436 3400 576 3452 scutulatus,
616 3400 808 3460 caputgeuiiuis
818 3400 912 3445 inserta
923 3400 1056 3448 columnis.
1076 3401 1141 3448 Haec

51 3472 104 3519 siue
123 3472 249 3533 dignitate
267 3472 401 3520 Senatorio
422 3474 513 3519 multos
532 3475 576 3520 tri·
616 3473 738 3521 Cotiuusa
762 3474 831 3534 prim
855 3471 941 3521 fuerat
969 3475 1016 3521 sab
1041 3476 1140 3523 nomine

51 3546 206 3608 umplraliunr
223 3547 445 3608 consulariumque
459 3548 575 3608 potentia
616 3549 716 3610 prisco:
740 3549 936 3611 Tartessuruque
959 3548 1051 3597 deliine
1071 3550 1139 3609 Tyrii

50 3623 153 3671 anteiit:
170 3622 435 3669 diversusaveteuuu
448 3623 575 3682 instituto,
615 3623 704 3670 dixere
725 3625 818 3671 coloni.
848 3625 959 3670 Barbara
980 3623 1039 3683 quin
1063 3625 1137 3670 etiam

50 3711 97 3756 per
117 3700 212 3745 cultum
232 3705 258 3744 et
278 3698 433 3756 rirurulitins3
451 3699 575 3760 copiaque
615 3700 701 3747 Gades
719 3700 783 3747 lianc
799 3700 885 3759 lingua
897 3698 1061 3759 frequentat:
1080 3697 1136 3742 Poe·

50 3779 75 3816 et
86 3770 215 3819 effitientia
227 3772 286 3817 luxu
300 3773 419 3834 propior,'
432 3781 479 3822 &o
497 3775 574 3821 lluue
615 3788 662 3820 uus
674 3775 769 3837 quippe
782 3775 863 3820 loouur
881 3772 962 3819 Gadis·
980 3781 1054 3818 vocat
1067 3769 1136 3817 undi-

50 3844 135 3908 itaque
145 3859 229 3896 monet
240 3850 331 3908 Poeta,
341 3851 500 3899 airrbitiouem
515 3852 574 3901 t‘rae·
615 3861 664 3908 que
677 3845 793 3908 septum)
817 3845 888 3893 idem
900 3853 1011 3892 testatur
1021 3844 1088 3889 Pliu.
1100 3856 1136 3892 tr.

49 3931 119 3977 nare,
131 3924 230 3972 aridum
244 3939 287 3971 seu
304 3928 416 3987 pccuuiae
434 3942 478 3975 seu
495 3927 571 3974 bono·
613 3926 654 3969 2⁶2·
667 3930 692 3969 et
708 3921 819 3983 Hesych·
836 3919 940 3980 Ὑάδεψῦ,
957 3917 1048 3977 inquil,
1061 3917 1136 3964 Plloe·

50 3992 84 4038 ris
104 3996 217 4050 spiritum
238 4000 351 4058 domare,
369 4002 502 4060 gloriosius
515 4016 571 4050 esse
614 3999 683 4047 uices
694 4007 788 4047 vocatu
799 3997 830 4042 rb
841 3992 1028 4057 rrprppdyuara,
1040 4001 1115 4055 septu.

50 4080 124 4122 tlusui
147 4067 247 4115 dissitas
272 4075 387 4122 reeioues
410 4076 456 4122 sub
484 4077 569 4122 iuuunr
