2408 4200
387 249 591 298 enuuruou
620 251 692 299 nro.
708 253 756 319 .¹¹·
778 239 809 302 2.

233 390 363 454 Crescit
376 389 550 472 indulgens
564 390 629 454 sibi
644 393 736 457 dirus
751 395 906 478 hydrope,

232 492 266 554 N
268 512 306 555 ec
321 492 410 557 sitim
426 491 534 574 pellit,
550 493 613 557 nisi
629 513 732 558 causo
746 497 853 560 morbi

230 591 366 674 Fugerit
382 592 485 668 venis,
501 599 537 656 et
550 611 700 675 aquosus
716 597 795 660 albo

485 693 631 776 Corpore
645 697 790 778 languor.

228 792 411 858 Redditum
426 792 505 877 Cyri
521 794 607 868 solio
622 795 798 873 Phraaten,

57 957 189 1019 hydropisis
206 957 252 1005 sili
269 958 374 1017 largiens
386 957 539 1018 ingravescit,
556 972 629 1020 neque
644 959 711 1006 sitim
728 959 860 1021 compserit,
877 963 949 1010 donec
964 975 977 1009 e
996 960 1062 1008 venis
1080 961 1148 1023 origo

58 1021 121 1082 nuti,
139 1026 250 1082 eloquere
267 1023 384 1082 egritudo
402 1023 504 1083 peitate
522 1036 616 1083 corpore
635 1023 771 1084 depelletur.
807 1024 889 1072 Virtus
909 1026 992 1087 populo
1010 1025 1149 1074 euenum

60 1243 122 1277 nnus
137 1228 229 1278 Blend.
240 1235 267 1278 et
283 1229 365 1278 Multi.
378 1229 457 1292 Cruq.
479 1232 562 1292 dures,
575 1239 602 1279 et
613 1230 726 1280 Florent.
748 1231 804 1280 nilis
817 1230 992 1295 hydrope-ll
1009 1229 1092 1280 codd.
1104 1245 1150 1293 sp.

61 1293 119 1343 lani
131 1294 241 1354 varient,
254 1293 403 1355 Plrulsnten,
415 1294 554 1354 Prahaten,
572 1295 706 1349 Piraeum,
725 1295 867 1350 Phrulsotess.
879 1295 1029 1351 Picumnus,
1041 1295 1151 1343 Pltrnnr·

59 1363 107 1413 terr,
119 1366 144 1405 et
157 1357 324 1419 Porciorum,
336 1360 401 1406 utin
413 1358 527 1408 Florent.
559 1359 681 1407 Plsrosteu
693 1360 900 1408 (liorem-1⁵36.
934 1360 1068 1407 Pisuertes
1080 1358 1145 1420 conj.

91 1582 121 1626 13
140 1579 231 1628 Crescit
246 1580 370 1643 indulgens
387 1581 432 1629 eibi
451 1582 518 1631 dirus
539 1582 583 1644 ley-
625 1582 673 1637 nis,
693 1580 801 1629 neerbus
824 1580 924 1629 Crescit
945 1579 1074 1641 hydrops:
1104 1582 1150 1626 ent

58 1654 136 1714 sirone,
156 1654 208 1716 tre]
234 1655 306 1703 Trite
331 1656 481 1717 similitudo,
506 1672 583 1720 quern
623 1671 680 1705 cum
703 1656 807 1704 siccetur
830 1654 904 1704 febre
926 1653 1043 1703 nrednlle
1062 1652 1150 1716 Atque

56 1731 190 1792 eleganter
198 1730 303 1779 adhibet
313 1731 403 1793 Poeta,
415 1741 442 1781 nt
454 1735 508 1780 sine
520 1747 582 1795 spo·
623 1731 705 1779 avide
717 1729 805 1779 fauces
821 1731 933 1794 gelidum
950 1739 1053 1778 traxere
1068 1728 1152 1791 liquo·

57 1804 120 1860 clusi,
138 1813 166 1853 nt
185 1807 248 1854 alies
268 1821 346 1867 sepe.
375 1807 450 1855 Hunc
465 1821 525 1855 sero
544 1808 581 1855 sle
622 1806 761 1866 rem,'l‘um
772 1804 1079 1867 lymplreinrercns‚citio
1091 1803 1151 1864 glis·

57 1880 117 1927 licet
137 1882 268 1942 supplere.
295 1881 450 1943 Hydropisis
469 1894 517 1928 non
540 1895 582 1929 cn·
622 1890 709 1945 cente,
727 1881 857 1940 tumescit,
871 1881 1013 1928 secernens
1030 1879 1148 1927 miserem

57 1961 137 2009 retur,
149 1954 225 2002 immo
236 1955 351 2002 irritetur
362 1969 485 2019 equorum
502 1962 581 2016 potu:
623 1958 728 2021 proprio
739 1957 772 2004 (le
785 1955 885 2003 viscere
898 1952 1011 2016 pellem?

57 2028 95 2076 eie
107 2029 214 2076 sveritin
230 2037 258 2077 et
268 2028 397 2091 cupiditas
416 2030 530 2092 augescit
540 2042 583 2078 ne·
655 2035 685 2080 17
704 2032 831 2080 Ηιαάῑειω
856 2030 915 2093 Cyri
942 2029 998 2077 solio
1017 2027 1148 2088 Phraaten,

58 2103 116 2149 duur
126 2104 319 2166 ertietnropum
330 2105 485 2153 accersione.
503 2106 581 2155 Juve-
621 2109 675 2173 ῃ]
686 2109 722 2158 Ur
733 2123 809 2171 porro
817 2106 939 2157 ostendat
949 2120 999 2154 nou
1008 2119 1053 2154 eos
1062 2117 1149 2152 omnes

57 2179 107 2227 rrnl.
127 2180 184 2228 Set.
204 2192 261 2227 xrv.
282 2183 338 2227 139.
372 2180 492 2229 ‘Crescit
511 2195 582 2229 eruor
624 2199 731 2246 regnare
751 2192 795 2232 ent
813 2183 902 2231 beatos
921 2181 1032 2244 eccequi
1049 2179 1149 2241 populis

56 2258 162 2313 sunnon,
180 2263 301 2317 qunntnm
317 2257 372 2318 ipse
389 2258 499 2319 pecunie
513 2272 581 2306 cres·
624 2252 1148 2320 presuntetimpersut,nilertexemplum

55 2329 110 2378 cit!
134 2329 213 2379 Orici.
226 2330 294 2380 Fert.
307 2345 325 2378 t.
336 2335 392 2380 211.
419 2333 582 2382 ‘creverunt
624 2326 1150 2397 Phrontis,quilicetinregnnmsitresti·

56 2414 83 2452 et
95 2419 166 2467 opes,
177 2412 205 2454 et
219 2420 296 2468 opum
308 2404 404 2454 furiosa
416 2408 527 2469 cupido:
546 2409 581 2456 Et
622 2415 703 2470 tutus,
713 2415 800 2458 tumen
812 2407 872 2472 quie
882 2404 1021 2456 sceleribus
1032 2403 1149 2467 inquine-

55 2493 113 2527 eum
131 2479 278 2539 possidesnt
297 2482 417 2542 plurime,
437 2484 512 2544 plura
536 2497 580 2544 pe·
621 2492 662 2534 ret
672 2500 738 2547 sese,
749 2483 854 2534 minime
864 2481 1008 2531 censendus
1023 2479 1049 2527 in
1061 2479 1149 2528 bento·

57 2555 581 2618 tunt.Siequibusintumuitsuffnseven·
620 2577 676 2612 mm
694 2578 811 2614 numero,
853 2560 941 2624 Atque
963 2559 1023 2607 hinc
1046 2556 1148 2605 virtutis

56 2637 97 2678 ter
124 2631 157 2679 ab
180 2631 257 2691 undo,
275 2633 333 2682 Quo
352 2633 409 2693 plus
427 2641 485 2682 sunt
505 2641 582 2698 pote,
621 2636 1148 2697 documentsinstilletCrispo,uepropter

57 2710 115 2770 ΡΝ*
127 2707 247 2755 tilium?
263 2706 356 2768 aqrrae!
622 2728 743 2762 summum
752 2713 819 2777 npurl
829 2711 944 2761 Cenares
953 2708 1070 2772 gretiam,
1081 2705 1149 2767 plns·

89 2782 214 2845 HtlfflP'l
225 2782 582 2846 M0l⁰⁰lml³2l³¹⁰rl¹ydr⁰pl
622 2789 706 2837 culum
718 2787 827 2837 fortune
845 2784 944 2844 credet,
960 2784 1044 2830 minus
1061 2789 1148 2829 eurem

56 2872 109 2908 ⁰¹¹⁵·
121 2855 582 2924 N⁰⁸¹¹²¹¹⁸G¹ffl⁰⁰⁶³0t‚sslwlilevt‚
623 2864 711 2913 virtuti
723 2865 854 2912 innitetur.
872 2859 911 2907 De
923 2872 954 2907 eo
963 2858 1047 2907 Tecit.
1056 2855 1149 2904 Annei.

55 2936 167 2997 morbus,
186 2934 284 2983 Latinis
304 2949 365 2996 uque
383 2936 504 2984 intercus:
525 2938 582 2999 ejus
623 2937 918 2996 n‘SnllustinsCriepus
928 2934 1055 2996 particeps
1064 2945 1149 2981 serre·

55 3026 104 3060 uon
123 3027 174 3061 une
189 3013 304 3073 species:
330 3012 580 3075 lencoplrlegmutiuu
622 3011 783 3068 rornmssuc.
807 3007 1147 3055 Annsl.rr.‘'l'iberinsen·

56 3088 170 3135 indicent
185 3089 224 3134 trae
243 3101 333 3134 voces:
349 3086 510 3145 agnoscenti»
522 3088 582 3132 Cor·
622 3083 695 3143 cipiti
718 3095 779 3129 euru
796 3079 938 3125 distractus
957 3085 1087 3136 postremo
1104 3079 1148 3129 det

53 3174 110 3221 pore
121 3162 232 3218 lnsguor:
244 3158 345 3224 qnsnrlo
356 3171 449 3216 nempe
459 3164 582 3219 corrupto
623 3154 753 3217 negotium
772 3150 895 3201 Sallustio
918 3148 1030 3211 Crispo‚’
1048 3151 1149 3201 scilicet

52 3237 143 3297 jecore
153 3233 288 3293 velsplene
297 3238 347 3278 non
356 3229 582 3292 convertitnrehy·
623 3230 759 3280 coercendi
769 3230 1046 3282 crementemrervum
1055 3223 1149 3287 Agrip·

56 3313 94 3359 lus
112 3311 137 3357 in
155 3308 313 3370 sangninem,
324 3306 369 3353 sed
383 3305 487 3352 lrunrore
499 3318 582 3368 nqueo
623 3320 673 3369 pos,
682 3305 783 3354 nomine
792 3301 928 3364 lrulritnque
936 3308 1048 3349 assumto
1056 3314 1096 3348 res
1106 3314 1150 3348 no·

56 3385 190 3447 replentur
198 3397 269 3431 senae
280 3383 379 3444 elinque
391 3380 487 3429 urlnors
498 3381 582 3443 sputis
623 3382 830 3430 sarmelientern.
842 3377 934 3427 Annei.
942 3377 1035 3426 uncit.
1051 3375 1148 3423 Sanm-

56 3456 504 3523 eorporis,quodeomorboalbescit.
518 3457 580 3506 Coel.
622 3459 673 3507 tius
691 3456 826 3506 ‘incolumi
842 3455 997 3514 Menenium,
1009 3451 1149 3515 proximus,

57 3534 165 3597 Rhodig.
183 3545 261 3581 xxvi·
280 3536 305 3579 3.
320 3533 327 3557 ‘
342 3532 516 3593 Hydropiseos
529 3540 580 3580 ter·
620 3549 679 3583 mox
693 3533 849 3595 proecipuus,
862 3531 904 3579 cui
922 3537 1021 3577 secrete
1033 3528 1148 3588 impera·

56 3611 118 3658 tiam
136 3608 249 3671 speciem
270 3607 359 3655 Celsus
377 3605 581 3670 leucoohtegmc·
623 3618 706 3659 rorum
724 3608 912 3664 teutonorum
932 3613 960 3651 es
977 3601 1150 3649 interficiendi

56 3686 109 3733 tien
128 3690 219 3732 vocnt:
238 3695 282 3729 nos
303 3681 385 3728 alnam
406 3680 525 3742 pituitam
542 3679 581 3728 di·
622 3683 739 3733 Postumi
767 3681 890 3742 Agrippre
916 3679 1042 3739 conscius,
1071 3683 1150 3726 erere

55 3774 115 3809 cere
138 3754 289 3820 possumus,'
306 3759 355 3803 tire.
374 3756 417 3803 ubi
435 3763 462 3803 et
480 3763 581 3805 eeteros
623 3767 757 3822 provecto,
769 3756 883 3818 speciem
897 3754 977 3814 mugio
994 3753 1019 3798 in
1037 3751 1149 3802 amicitie

56 3837 109 3896 ejus
130 3833 210 3883 moriri
227 3832 335 3894 species,
355 3831 487 3895 veriusque
505 3830 581 3880 effee-
621 3833 761 3894 Prineipis‚
779 3844 854 3893 quem
875 3828 924 3874 vim
942 3826 1032 3874 renuit.
1065 3825 1148 3892 quue

58 3912 139 3959 tiones
158 3910 214 3960 fuse
228 3910 306 3972 juxta
319 3915 347 3957 et
363 3908 439 3956 docte
452 3910 581 3972 persequi·
621 3918 649 3958 et
666 3906 807 3956 Muceneri
820 3901 967 3962 reciderem
984 3899 1039 3950 teto
1056 3911 1146 3967 poten·

58 3994 110 4032 tur.
136 3986 237 4034 Psriter
249 3993 275 4033 et
290 3984 467 4031 Sammonicus
481 3983 529 4032 rite
541 3997 582 4031 cu·
623 3984 679 4042 tice,
689 3995 747 4028 caro
759 3975 939 4039 sempiterne)

59 4063 111 4109 nit:
128 4061 266 4125 ‘Correpti
275 4061 372 4123 jecoris
383 4059 446 4108 vitio
462 4061 501 4108 rel
513 4058 582 4122 sple·
658 4056 717 4119 Cyri
727 4055 795 4117 solio]
815 4053 983 4116 Metouymis,
1000 4063 1083 4106 totum
1102 4064 1148 4115 pro
