2408 4200
387 249 437 297 AD
460 249 673 300 anullinum
694 251 767 298 ΗΒ.
792 253 857 300 ΙΙΙ..
1081 243 1152 310 ω

56 387 231 444 dtinsniness
242 391 314 452 pato,
328 386 372 451 qui
381 399 441 463 cem
451 401 528 437 sensu
539 387 627 451 legere
633 386 715 450 possit
726 388 874 454 flendam,
882 392 1002 453 existere,
1009 395 1081 461 qsin,
1089 397 1151 450 duni

56 469 106 520 ltoc
114 466 252 524 carminis.
267 476 383 517 ceterum
394 466 501 529 egregii,
510 465 645 515 exordium
656 467 734 530 leget.
748 469 897 531 gravlmime
907 472 996 522 statim
1004 472 1152 527 offendatur

56 547 205 601 temelicos
220 548 277 596 loco
288 546 373 610 posita
382 560 413 594 sc
430 559 476 609 per
489 553 550 595 octo
563 559 651 594 versus
663 552 795 610 protracta
805 549 907 610 generis
916 550 1012 601 lami·
1024 554 1150 616 predice-

56 629 136 682 tiooe.
168 627 265 676 Verum
281 626 343 688 jure
358 624 455 675 dixisse
471 624 498 674 in
514 623 674 687 Argumeoto
691 624 763 676 nobis
774 627 930 690 ridemur,si
946 644 995 680 sss.
1005 635 1064 683 Η.
1081 634 1151 685 luter

55 706 193 770 legendum
213 705 375 770 omittentur,
392 704 474 753 molto
492 704 605 754 breviori
621 711 700 768 etque
711 707 863 770 elegantiori
880 711 981 772 generis
992 713 1151 763 commende-

29 850 31 854 Α
57 787 138 848 tione,
152 801 209 850 que
221 785 254 835 sd
268 785 349 835 solnm
364 791 482 833 ornatum
494 790 608 848 spectet,
618 798 649 833 ac
660 797 706 847 pro
717 787 836 835 vocativo
849 787 892 844 sit.
903 787 1013 852 denique
1025 792 1150 854 peculleri

56 866 135 917 elicui
147 865 274 915 occssloul
285 864 376 914 deberi
387 863 515 926 rideatur,
526 863 635 928 lyricum
646 877 748 914 sensum
759 879 809 914 non
822 866 930 930 amplios
940 865 1043 919 offendi.
1071 871 1148 922 Quod

55 945 141 1009 ἰρειιω
152 959 209 994 com
216 944 272 1007 jam
282 957 333 993 noo
343 943 426 992 lesem
438 940 536 992 inferre
547 942 718 1007 suspicionem
729 957 835 993 urceum
847 947 890 1007 sit,
900 959 956 997 esse
967 947 1023 997 illos
1034 963 1122 999 versas
1133 965 1150 999 s

56 1025 124 1074 mala
134 1037 211 1074 menn
221 1023 366 1087 importune
376 1021 495 1081 insertos,
506 1028 560 1070 tam
571 1021 675 1072 eosdem
687 1036 756 1072 nuuc
766 1037 782 1073 e
792 1026 935 1089 praeceptis
953 1040 1032 1091 supro
1048 1030 1150 1092 exposi-

58 1103 91 1152 tir
103 1103 247 1152 accurstios
258 1100 408 1165 expendere
418 1106 496 1165 stqoe
504 1101 651 1150 essmlusre
663 1101 759 1165 pincet.

88 1181 202 1230 Primum
214 1178 376 1231 manifestam
387 1177 484 1227 lssbent
499 1178 647 1242 liquatuor
661 1194 713 1228 sss.
722 1182 835 1244 speciem
846 1183 935 1233 scholii
947 1184 1002 1233 alre
1014 1185 1150 1247 glossema·

56 1261 109 1322 tis;
125 1260 193 1325 quod
204 1259 307 1325 quidem
319 1264 475 1308 momentum
485 1258 594 1322 amplius
606 1259 732 1309 declareri
742 1263 846 1325 poterit.
855 1264 914 1325 rubi,
923 1264 1049 1327 quomodo
1060 1278 1149 1314 serens

56 1341 140 1389 exorti
152 1341 217 1401 sint,
225 1339 445 1399 investigabimus.
478 1339 583 1388 Deinde
595 1340 652 1403 quis
663 1354 715 1389 non
726 1340 855 1404 inteiligit,
870 1357 947 1406 qnam
959 1343 1051 1393 inscite
1062 1358 1092 1392 ac
1105 1345 1151 1391 im·

55 1428 167 1481 pcrtuue
178 1419 391 1481 interrumpatur,
402 1418 453 1467 illis
464 1418 636 1482 interpositis,
651 1421 799 1474 sententie?
816 1422 924 1471 sublatis
940 1429 1039 1484 contrs,
1054 1429 1150 1488 quentn

57 1500 142 1560 aptior
162 1499 289 1549 ccnnesio
302 1500 497 1563 elegantiorque
516 1500 652 1548 conversio
671 1500 820 1564 sententie,
838 1508 934 1565 qnnoto
951 1501 1053 1564 dignius
1065 1501 1149 1551 Po'ets

57 1576 190 1626 exordium
198 1578 248 1628 siti
266 1578 331 1628 Quia
341 1580 409 1629 enim
421 1594 472 1631 uon
482 1580 556 1629 malit
566 1580 653 1642 legere
665 1581 717 1630 sic:

280 1706 339 1769 AEli,
350 1715 454 1757 vetusto
464 1707 558 1758 nobilia
571 1707 603 1757 ab
614 1709 704 1772 Lemo,

278 1787 329 1837 Qui
343 1788 499 1837 Formiarum
511 1790 606 1837 moenia
618 1787 713 1837 dicitnr

311 1866 438 1928 Princeps
450 1874 477 1914 et
490 1869 622 1915 innantem
634 1868 743 1914 Maricas

377 1944 517 1991 Littoribus
528 1943 642 1990 tenuiore
652 1942 732 1989 Lirim

281 2023 344 2069 Lete
357 2027 492 2081 tyrannus:

57 2150 151 2211 Neque
162 2149 243 2196 solnm
255 2144 317 2194 illud
330 2146 426 2204 elucet,
438 2157 512 2206 posse
524 2143 587 2193 istos
598 2151 708 2208 quatuor
725 2160 812 2194 versus
829 2149 899 2196 salso
911 2155 995 2198 metro
1007 2148 1095 2212 abjici,
1105 2145 1151 2196 sed

57 2229 145 2289 etism,
156 2226 189 2276 eb
200 2227 289 2289 inepto
300 2225 399 2274 homine
411 2239 454 2272 eos
466 2238 522 2273 esse
533 2225 654 2286 insertos,
665 2240 698 2274 ert
709 2239 741 2273 eo
749 2225 827 2274 etiam
839 2227 952 2289 suspicio
963 2229 1088 2292 estquod
1098 2236 1150 2278 tam

57 2306 149 2355 inscite
165 2320 194 2354 ac
210 2306 303 2354 misere
315 2310 470 2353 connectere
485 2317 529 2352 eos
544 2318 601 2352 cum
616 2304 783 2367 sequentibus
795 2304 919 2368 versibus,
931 2313 1008 2369 utque
1017 2308 1049 2355 sd
1061 2307 1151 2355 horum

57 2386 211 2435 sententiam
223 2382 358 2433 reflectere
367 2382 508 2432 cretionem
520 2390 628 2433 conatus
639 2389 689 2432 est.
724 2384 786 2431 Cum
796 2384 864 2432 enim
876 2398 913 2432 rs.
924 2390 948 2431 5.
965 2385 1073 2435 ·uucls’
1091 2372 1166 2434 rere¹

57 2467 92 2513 sit
108 2465 195 2525 lectio,
212 2471 240 2512 ut
249 2465 275 2512 in
285 2464 403 2512 vv.1,t..
415 2462 584 2524 ostendimus,
596 2470 649 2511 tum
661 2469 752 2526 aperte
764 2463 822 2523 ists,
839 2461 967 2512 ‘Auctore
977 2463 1010 2512 eb
1022 2465 1066 2513 illo
1077 2463 1152 2514 ducis

56 2543 199 2606 originem,’
210 2545 281 2592 etlita
292 2551 352 2592 suut
364 2543 468 2605 ceteris,
487 2550 517 2592 nt
531 2544 691 2606 interruptor
705 2557 784 2592 nexus
803 2557 861 2592 cum
878 2558 933 2607 sqq.
953 2544 1022 2594 ‘Qui
1035 2544 1152 2592 Formis-

57 2627 131 2683 rum,'
142 2627 189 2671 tec.
201 2623 389 2671 restitueretur.
419 2623 484 2671 Nam
495 2624 521 2671 in
531 2624 683 2673 Obserrett.
694 2624 812 2688 equidem
824 2623 850 2671 id
862 2630 962 2672 tantum
971 2631 1075 2672 secutus
1088 2636 1153 2684 snm,

59 2711 172 2761 utquam
184 2701 358 2749 mollissimam
370 2702 531 2764 meximeque
549 2703 710 2752 tolenbilem
728 2703 808 2764 spurii
828 2703 902 2764 lsnjm
920 2701 1089 2751 additamenti
1107 2715 1152 2750 ex-

57 2779 222 2841 plicationen
233 2778 337 2827 darem:
356 2794 384 2828 re
396 2787 481 2829 sutem
492 2795 554 2828 vera
568 2781 628 2828 milri
648 2795 796 2842 persuasum
808 2789 857 2840 eat,
871 2782 1083 2844 interpolatorem
1095 2794 1152 2829 rer-

57 2858 99 2915 lra,
115 2858 245 2906 ‘Auctore
257 2858 289 2906 eb
301 2857 364 2920 illo‚’
381 2859 413 2907 ad
426 2873 482 2923 sqq.
498 2859 565 2909 ‘Qui
577 2858 754 2916 Formiarum:
763 2862 811 2907 &c
823 2858 912 2906 referri
922 2860 1042 2909 voluisse.
1069 2859 1153 2921 Igitur

56 2939 166 2986 oriretur
177 2937 323 2986 nectentis:
341 2939 365 2986 Ο
378 2938 437 3000 AEti,
445 2937 490 3000 qui
502 2952 517 2985 s
528 2939 607 2986 Lumo
619 2936 765 2996 descendis,
777 2944 805 2984 tu
816 2937 937 2998 originem
950 2938 1022 2987 ducis
1034 2954 1049 2987 a
1061 2939 1152 2998 Lamo,

57 3018 167 3081 qui,&c.
197 3016 233 3065 At
244 3032 318 3081 quem
331 3018 419 3079 inepte
432 3017 573 3078 conversio,
586 3016 628 3064 vix
640 3017 779 3079 proletario
791 3015 880 3062 Poiitae
892 3015 1061 3075 ignoscenda!
1091 3015 1152 3064 l'id.

56 3097 114 3145 VV.
123 3097 176 3145 LL.
188 3095 231 3145 ubi
243 3097 331 3157 etism,
344 3111 394 3145 nou
406 3096 512 3145 multum
525 3092 625 3158 profici,
637 3095 777 3156 docuimus,
787 3093 807 3141 sl
820 3094 906 3153 legere
917 3093 1034 3155 relimus,
1044 3091 1153 3141 ‘ducit'

58 3175 92 3223 Et
108 3175 127 3222 si
139 3177 180 3223 vel
191 3176 228 3223 ita
239 3177 397 3226 constituere
416 3176 517 3238 placent
537 3181 616 3238 etque
635 3173 767 3237 explicare
783 3171 957 3235 parenthesin,
977 3173 1015 3221 uti
1033 3172 1059 3219 iu
1071 3171 1150 3220 ouo.

58 3254 217 3315 propositum
227 3263 277 3315 est,
294 3263 379 3304 tamen
390 3255 427 3303 sic
437 3255 514 3303 ctiam
526 3253 632 3304 indocta
642 3254 744 3304 omnino
756 3253 886 3301 sententia
897 3258 953 3303 est:
972 3250 997 3299 0
1013 3251 1071 3311 AEli,
1081 3252 1123 3315 qui
1135 3267 1151 3300 s

58 3332 137 3380 Lamo
158 3332 304 3396 descendis,
327 3341 355 3384 tu
375 3335 441 3383 enim
462 3334 558 3383 abillo
580 3334 657 3383 Lumo
678 3341 783 3383 auctore
802 3331 949 3394 descendis,
971 3330 1095 3395 siqnidem
1116 3330 1152 3379 fe·

58 3414 187 3474 runt,&e.
635 3403 636 3407 ¹

90 3492 157 3541 Nam
170 3506 202 3540 eo
221 3506 288 3540 nunc
301 3493 383 3556 venio,
396 3500 424 3541 ut
435 3494 577 3554 ostendum,
588 3508 674 3542 sersus
691 3493 755 3541 istos
766 3494 846 3542 etiam
859 3507 906 3556 per
918 3507 944 3540 se
956 3492 1025 3556 ipsos
1036 3492 1150 3555 interpo-

57 3564 122 3621 latos
142 3571 224 3636 prodi.
257 3572 370 3620 Primum
385 3573 452 3619 enim
470 3586 526 3620 eam
543 3573 600 3620 illos
617 3573 801 3622 obscuritatem
817 3588 848 3621 ac
861 3571 1039 3621 difficultatem
1052 3574 1076 3620 in
1089 3587 1148 3620 cou-

58 3654 224 3702 atructionem
241 3651 346 3714 inl'crre,
364 3652 405 3699 six
426 3658 454 3700 ut
471 3654 602 3701 commode
619 3653 661 3700 ills
678 3654 793 3717 expediri
811 3654 901 3715 possit,
917 3667 1078 3715 quocumque
1095 3665 1148 3699 oeae

57 3730 192 3793 interpres
213 3740 358 3793 convertat,
377 3747 433 3780 cnm
457 3746 488 3778 cx
511 3732 586 3780 modo
608 3731 694 3793 dictis,
714 3740 767 3781 tum
791 3748 823 3780 cx
847 3734 904 3779 VV.
918 3734 967 3780 LL.
990 3732 1149 3793 intelligitur.

59 3809 173 3871 Deinde,
184 3812 204 3858 si
217 3815 369 3861 senteutiam
382 3813 463 3874 ipsum
475 3812 579 3875 ejusque
590 3812 782 3860 conversionem
792 3818 906 3874 spectes,
918 3811 978 3856 nihil
991 3809 1106 3869 profecto
1117 3822 1148 3854 ea

61 3886 101 3933 rel
112 3889 235 3951 inutilius,
248 3893 287 3939 sel
300 3895 422 3955 ineptius,
433 3893 542 3955 cogitari
554 3899 599 3939 aut
609 3890 668 3953 fingi
679 3893 768 3953 possit.
804 3892 892 3939 Lamia
904 3889 998 3935 dicitur
1010 3887 1096 3935 nobile
1109 3901 1150 3948 ge-

59 3980 107 4017 tius
116 3966 147 4014 ab
157 3967 234 4016 [sno
245 3971 339 4019 <lucere
350 3988 357 4028 3
370 3973 417 4021 hoc
430 3973 596 4021 confirmatur
608 3987 639 4019 ex
649 3988 690 4033 co,
700 3973 760 4034 quio
771 3973 849 4018 etium
859 3969 938 4030 ipsIus
948 3968 1063 4028 majores,
1076 3975 1152 4030 atque

62 4049 125 4096 adeo
135 4048 163 4109 (o
180 4047 327 4095 mirscnlnm
338 4050 360 4109 l)
377 4064 463 4099 cirinen
475 4054 563 4101 luorum
581 4050 704 4110 majorum
717 4058 825 4113 nepotes
837 4064 851 4097 a
865 4048 943 4095 Lumo
956 4046 1152 4097 descenderint:

129 4126 209 4160 nomn
222 4132 243 4160 ,ι
258 4126 305 4160 vm
324 4128 379 4160 runi
592 4127 668 4160 unm
1022 4131 1037 4160 o
1057 4127 1084 4160 nr
