2408 4200
396 287 601 336 ciuuruuu
629 288 701 335 mn.
724 288 748 334 1.
769 272 823 340 ul.

191 430 271 494 Non
285 436 440 495 mstnosae
456 435 550 510 grata
563 427 730 494 Calabriae

190 528 370 607 Armenta;
398 547 462 592 non
477 546 603 604 aurum,
619 536 678 593 aut
692 533 775 593 ebnr
791 530 965 612 Indicum

234 629 310 692 Non
324 648 411 706 rura,
426 647 503 710 qnae
518 628 605 691 Liris
621 631 734 712 quieta

275 729 408 792 Mordet
422 747 521 812 aqna,
532 728 715 792 taciturnus
731 733 846 795 amnis.

189 829 348 893 Premant
362 829 488 894 Calena
501 830 600 907 falce,
616 831 735 911 quibus
751 830 843 896 dedit

189 931 346 1008 Fortuna,
361 931 484 1012 vitem3
506 931 600 997 dives
614 939 649 995 et
664 933 773 995 aureis
1107 938 1150 1003 lo

62 1113 192 1165 morta:
208 1116 272 1164 laud
281 1130 374 1176 nam,
390 1116 494 1165 uelatur
505 1115 645 1171 mutamur
661 1115 722 1164 trad
737 1130 819 1176 ogram
830 1118 966 1177 aarum
982 1119 1148 1183 leutestaerti-

58 1177 100 1227 δυ
109 1178 191 1228 lambit
200 1178 267 1228 Sir-ir
283 1177 461 1241 rileuafiaoiaa.
496 1179 614 1241 liquitur
629 1193 680 1226 aare
694 1180 790 1228 emerit
804 1180 904 1228 calmae
916 1181 1005 1244 mm,
1022 1198 1060 1232 aaa
1073 1184 1149 1233 ratim

516 1300 695 1322 ‘emolu

57 1402 142 1465 ntprr.
153 1402 205 1451 duo
217 1401 284 1451 Altt.
295 1404 371 1450 Dera.
383 1405 407 1450 t.
418 1402 530 1461 Fraueq.
542 1400 648 1449 Venett.
659 1400 766 1451 Medici.
778 1402 840 1450 vet.
851 1402 1068 1453 eomauumn.
1081 1404 1147 1453 Vaa-

58 1479 111 1514 coa.
121 1466 214 1513 Lamb-
228 1467 315 1513 ilenti.
327 1466 405 1528 Cruq.
418 1466 484 1515 Cun.
498 1464 589 1514 donea.
605 1471 632 1512 at
647 1464 727 1512 Kidd.
740 1464 845 1525 sancei,
858 1467 898 1514 val
909 1467 1001 1524 feracia
1017 1468 1043 1516 iu
1061 1482 1148 1518 accur.

59 1537 113 1576 trea
124 1528 184 1576 Vnt
194 1528 297 1592 quidam
308 1529 428 1577 Torreat.
440 1527 549 1577 Mertai.
561 1541 623 1575 unua
641 1527 761 1582 Fabricii.
773 1529 815 1576 alii
828 1543 884 1577 curu
902 1529 962 1578 edd.
979 1532 1041 1580 Fati.
1054 1531 1147 1583 licina.

58 1591 94 1641 R.
103 1598 131 1640 et
142 1590 177 1640 ll.
189 1592 279 1655 steph.
291 1593 386 1640 Ducer.
398 1593 476 1642 Baxt.
485 1589 577 1640 Sanad.
588 1591 694 1651 Jani,Bi
716 1598 770 1640 out.
783 1592 888 1643 lilitaclr.
900 1593 988 1642 comb.
1000 1595 1105 1644 Wetrel
1118 1604 1147 1646 et

57 1654 160 1703 witer.
170 1655 321 1713 feracia-ti
339 1658 460 1714 Odeum,
472 1664 499 1703 ut
515 1656 547 1702 ad
568 1658 640 1702 uitem
658 1669 686 1702 re
700 1663 795 1712 eretur,
812 1656 912 1704 emend.
929 1658 1015 1705 Bentl.
1034 1672 1092 1707 euru
1113 1675 1146 1710 ua

56 1719 138 1794 recuti
149 1726 208 1767 aaut
218 1720 326 1782 Coning.
337 1720 432 1768 Sanad.
444 1718 569 1793 Anchari.
583 1717 716 1793 liniret-'et
729 1718 808 1767 Kidd.
820 1721 934 1768 Pramaut
942 1721 1079 1771 Calenam
1099 1739 1146 1772 «σε

57 1796 129 1894 tu.
135 1782 289 1896 :teitu
301 1782 812 1910 l'zutttltztsstf·luitulfi
820 1784 1104 1911 luttuffiittlr.
1111 1802 1144 1899 {i

56 1906 135 1958 tttdd.
149 1909 214 1958 dim
224 1916 248 1958 et
258 1910 338 1958 aureis
349 1910 422 1959 llari.
435 1914 489 1958 1.2.
501 1913 525 1959 8.
536 1915 561 1958 t.
572 1916 596 1957 5.
609 1913 633 1957 θ.
652 1908 695 1957 alii
715 1909 791 1958 codd.
806 1918 834 1958 et
846 1911 907 1958 edd.
925 1918 989 1958 vett.
1005 1912 1093 1961 Bantl.
1106 1920 1143 1962 ta·

547 2035 652 2085 Nom

58 2143 121 2179 voce
137 2129 248 2192 ‘Calpur
257 2129 274 2189 ς’
297 2145 347 2194 qno
358 2131 459 2179 nomine
472 2131 579 2179 vocaba-
621 2146 722 2195 quoqne
731 2130 803 2180 diver
815 2139 864 2179 ert.
899 2129 968 2178 Ebur
978 2144 1077 2194 quoque
1091 2146 1144 2194 prae

57 2211 99 2252 tnr
120 2210 218 2266 patera,
233 2219 284 2267 qna
300 2206 384 2254 vinum
407 2220 499 2255 novrum
516 2206 578 2254 liba·
620 2207 713 2253 cetaria
732 2205 817 2254 habet.
851 2205 920 2253 Hinc
940 2206 1030 2268 Virgil.
1049 2206 1145 2257 ‘ludia

56 2279 127 2328 bant.
143 2279 213 2328 llnic
225 2280 431 2343 interpretationi
442 2280 579 2341 posteriori
619 2281 701 2328 mittit
711 2280 791 2328 ebur-3
823 2280 889 2327 Vide
901 2281 970 2328 Plio.
981 2284 1030 2330 tire.

56 2353 255 2418 iaretqnodait
269 2354 555 2416 Horatina,rrooum,tfc.
651 2360 666 2402 7
687 2356 740 2403 Nou
758 2370 823 2417 raro,
841 2371 891 2418 pare
909 2356 983 2418 Liris,
1002 2357 1056 2420 ise]
1084 2358 1144 2409 Non

85 2433 100 2478 4
112 2430 243 2492 Sardiniae]
257 2431 320 2479 linc
333 2431 423 2491 insula,
432 2430 498 2478 inter
509 2444 579 2479 mare
619 2446 693 2495 agros
708 2439 768 2494 peto
780 2433 804 2479 in
819 2433 961 2495 Campania
972 2431 1079 2483 fertiles.

53 2505 209 2566 'l'yrrlreuum
221 2514 249 2554 et
266 2505 427 2554 Balearicum
440 2505 500 2559 rita,
512 2505 579 2552 triti·
650 2506 728 2570 Liria]
746 2507 798 2556 Hic
810 2505 900 2556 fluvius
912 2508 967 2556 aliia
980 2516 1087 2557 uocatur
1098 2510 1144 2559 Li·

56 2579 80 2625 ci
92 2577 260 2633 feracissima.
277 2594 291 2626 a
301 2579 382 2628 Sardo
396 2578 516 2627 Herculis
527 2577 579 2626 lilio
619 2584 709 2641 imao,
719 2597 794 2644 rupra
804 2584 892 2631 Soram
905 2583 1023 2642 scaturit,
1032 2584 1063 2632 ad
1074 2584 1142 2633 Mirr·

56 2651 312 2701 dictauitsauiinia.
335 2652 445 2715 ἅψεα]
465 2653 579 2699 ErVar·
620 2661 708 2702 turum
728 2657 822 2703 labitur
841 2658 865 2705 ln
886 2672 956 2706 mare
974 2659 1141 2720 Tyrrhenum.

55 2740 117 2774 rone
138 2727 172 2774 de
190 2728 227 2775 Re
246 2727 318 2776 ituit.
334 2741 354 2774 r.
370 2731 412 2774 29.
441 2739 517 2786 reges
540 2732 580 2772 ert
619 2728 681 2791 Ejus
694 2731 806 2778 meminit
819 2732 931 2780 Martial.
944 2745 1008 2781 xru.
1020 2737 1060 2780 8³.

55 2801 122 2863 quod
139 2810 239 2850 aratum
259 2808 288 2850 et
304 2809 389 2850 natum
406 2807 462 2859 ert3
480 2816 578 2863 arrum,
650 2806 668 2851 8
687 2805 924 2866 Taaitarrrarnmaia]
942 2806 1048 2853 Leniter
1060 2805 1141 2855 fluens

54 2875 242 2937 ponderatum,
253 2875 361 2923 necdum
374 2884 467 2924 satum.
618 2893 648 2928 ac
665 2883 753 2942 tacite,
765 2898 814 2930 uou
832 2881 922 2945 rapido
939 2894 1024 2937 cursu,
1041 2892 1086 2933 aut
1104 2885 1140 2932 in·

84 2955 99 2998 ⁵
119 2951 249 3014 Cdobrioe]
275 2949 357 3000 ltaliae
370 2952 440 3014 regio
458 2958 498 3001 ert
509 2953 577 3002 iuter
617 2956 685 3015 genti
697 2969 833 3004 murmure.

52 3038 121 3073 mare
130 3027 288 3088 munerum
300 3033 326 3074 et
338 3026 450 3086 lonium,
461 3027 504 3075 ubi
516 3028 576 3075 olim
647 3034 664 3075 u
681 3030 798 3074 Premout
815 3030 902 3074 Cotem
914 3029 987 3083 soter,
1004 3030 1055 3089 tre]
1079 3032 1139 3077 Non

53 3098 138 3145 Brutti
150 3102 236 3161 populi
247 3110 274 3148 at
286 3115 377 3160 manua
395 3102 513 3149 Gracia:
533 3103 577 3147 iro·
617 3103 672 3147 aliia
688 3100 792 3146 invideo
811 3099 876 3144 riter
891 3099 999 3155 optimas
1016 3115 1046 3146 ac
1064 3115 1140 3159 geue-

53 3171 96 3219 die
108 3185 167 3232 para
177 3182 218 3218 ert
228 3173 301 3231 regni
313 3172 479 3230 Neapolitani
492 3184 579 3217 verona
618 3185 675 3218 rora
688 3171 753 3216 vina.
786 3170 826 3215 De
838 3168 934 3214 Caleno
945 3181 1022 3229 ruprn
1032 3171 1084 3218 Od.
1093 3186 1140 3221 xx,

54 3244 176 3292 Austrum
189 3256 219 3288 ac
231 3243 344 3290 Siciliam
355 3248 486 3302 porrecta.
620 3259 656 3291 vs.
669 3249 695 3291 u.

86 3318 215 3380 AEatuorae]
228 3313 580 3365 Sotisardortourvatdaex·
651 3318 732 3380 Falce]
755 3318 866 3367 Cultello
886 3318 990 3367 incurro
1009 3319 1082 3369 inicia
1105 3321 1140 3370 in·

55 3395 148 3458 potita
160 3400 187 3441 et
198 3392 339 3442 estuantia.
619 3400 680 3442 utar.

86 3475 102 3519 6
119 3467 246 3528 Armenta]
264 3467 412 3514 Laudentur
427 3464 488 3529 eqni
502 3464 578 3513 cata·
651 3466 775 3529 Fremant]
792 3469 914 3518 Sciudant
925 3484 1039 3518 racemos
1051 3484 1065 3518 e
1078 3472 1140 3531 vite,

54 3546 95 3594 bri
113 3544 139 3591 in
156 3557 187 3590 ea
205 3542 308 3603 regione
319 3542 494 3600 abundantes3
512 3542 577 3589 licut
618 3546 656 3593 rel
676 3546 756 3607 ipram
772 3546 849 3594 vitem
867 3544 993 3607 putando,
1011 3545 1139 3592 luxurian-

54 3630 80 3671 et
97 3622 122 3669 in
138 3619 234 3681 Apulia
250 3633 307 3681 quar
325 3619 440 3679 proxima
451 3628 489 3666 ert
501 3620 575 3667 Cala·
617 3627 667 3669 tem
679 3620 825 3668 coerceant.
858 3621 916 3679 Vel,
928 3633 1016 3666 uvare
1035 3621 1139 3668 Caleoir

54 3697 123 3747 brian.
156 3694 224 3743 Vide
242 3695 383 3741 Varronem
400 3692 431 3739 de
450 3693 487 3741 lle
505 3695 576 3742 liunt.
618 3695 711 3742 ritibus
729 3696 754 3741 in
776 3694 894 3742 torculari
912 3694 1012 3742 calcent
1030 3708 1059 3739 ac
1081 3709 1138 3754 pre·

55 3778 119 3820 rui.
152 3769 576 3830 Ibidemetpaacuaerautopti·
616 3777 696 3816 mant.
727 3768 932 3828 Virgiltleorg.
951 3769 1137 3817 r.lit.‘ruris

54 3860 104 3905 nra,
113 3858 220 3910 quorum
233 3842 328 3890 mentio
339 3851 379 3889 eet
391 3842 473 3902 Epod.
487 3856 505 3890 r.
616 3844 691 3905 opaci
705 3842 779 3889 Falce
791 3856 892 3902 premes
904 3840 1022 3889 umbras!

87 3917 304 3978 Auramautelrrr
317 3917 435 3977 iudicum]
454 3916 493 3965 Ab
510 3917 575 3966 Indo
648 3922 678 3964 10
702 3915 777 3962 Diues
796 3921 818 3962 et
839 3915 916 3962 careia
938 3916 1064 3979 Mercator,
1084 3920 1136 3982 lfa]

56 3991 157 4042 flumine
173 3994 242 4044 dicta
261 4007 293 4040 aa
309 3992 425 4041 Orientis
442 3993 525 4052 ampla
537 4007 576 4039 re·
616 3992 669 4038 Per
680 4004 719 4038 me
733 3990 803 4046 licet,
815 3986 931 4035 truantur
947 3990 989 4036 atii
1002 4005 1046 4038 uria
1056 3993 1134 4044 felici.

56 4069 106 4130 gio,
118 4070 171 4117 auri
183 4077 210 4118 at
221 4069 320 4131 argenti
336 4066 458 4126 metallis,
471 4068 574 4129 gemmis
614 4073 676 4121 tate,
696 4063 747 4113 arrio
767 4063 865 4125 opibus,
884 4065 935 4112 suia
954 4063 1068 4114 deliciis:
1086 4084 1135 4129 ego
