2408 4200
367 255 571 305 οιιιιιιιιιιιιι
599 256 670 303 nro.
694 255 750 302 ιιι.
772 240 824 304 24.
1080 246 1146 312 503

182 412 359 477 Erndenda
374 411 540 495 cupidinis

224 514 325 577 Pruvi
339 518 416 577 sunt
429 514 609 594 clementu3
631 520 663 577 et
677 519 798 578 tenerae
811 514 909 578 nimis

182 612 317 677 Montes
333 614 559 695 asperioribus

224 713 419 778 Formundae
436 714 575 778 studiis:
598 712 705 779 nescit
719 734 804 799 equo
819 715 912 780 rudis

183 814 321 878 Haerere
336 816 497 897 ingenuus
513 835 606 896 puer,

227 913 416 997 venarique
432 917 543 997 timet;
565 916 680 982 ludere
695 918 833 994 doctior,

52 1119 151 1168 crimino
172 1123 324 1182 detestamur,
348 1123 490 1183 extirpando
511 1130 566 1173 sust
585 1124 695 1187 improbet
713 1126 853 1189 cupiditatis
868 1126 986 1189 principio
992 1141 1001 1182 ,·
1024 1126 1142 1187 colorique

53 1185 168 1232 molliores
178 1201 245 1248 quum
261 1191 353 1248 oportet
366 1186 501 1235 durioribus
513 1188 653 1237 instituendi
663 1195 719 1237 suot
736 1191 951 1238 concitatioribus.
986 1189 1079 1238 Noln'lis
1087 1192 1142 1235 udo·

53 1247 138 1297 lenens
153 1249 249 1310 igonot
263 1265 321 1313 spuo
336 1250 444 1298 insistere
460 1251 522 1299 lond
537 1258 651 1309 metus,
661 1267 689 1301 oc
704 1255 784 1302 venari
795 1254 875 1316 sugit,
888 1255 988 1317 peritior
1004 1255 1083 1302 ludere
1094 1253 1142 1302 siue

55 1519 213 1575 Beruuonni,
225 1519 338 1570 Bentleii
350 1521 437 1570 Grnrv.
451 1522 522 1572 Leid.
533 1523 632 1572 Zuliclr.
648 1525 740 1586 Regin.
753 1526 850 1574 Buttel.
863 1533 891 1573 et
908 1526 941 1573 ol.
961 1524 1029 1587 Lips.
1050 1529 1072 1572 1.
1082 1527 1106 1572 2.
1118 1528 1142 1572 u.

56 1582 122 1629 Ant.
142 1586 199 1632 1.2.
219 1583 291 1632 Deus.
311 1589 333 1633 1.
345 1590 369 1634 1.
386 1587 530 1636 Helmstod.
549 1589 654 1638 Venett.
675 1593 834 1638 14771478.
854 1592 927 1638 1479.
945 1589 1046 1637 Mucii.
1063 1589 1142 1650 Crnq.

56 1645 162 1695 Vereor.
185 1648 271 1696 Bentl.
292 1648 399 1712 Cuning.
419 1652 512 1700 Sonod.
534 1652 611 1701 Buxt.
630 1652 709 1703 Geso.
727 1654 808 1702 Zeun.
826 1653 896 1714 Juni,
912 1653 1019 1714 Bipnut.
1036 1652 1143 1700 Mitsctr.

56 1708 170 1770 Francis,
181 1712 291 1762 Wetcel.
302 1714 403 1763 Wokel.
416 1716 506 1767 Comb.
516 1724 544 1766 et
555 1716 635 1767 Kidd.
647 1717 776 1766 materiem.
809 1717 832 1765 N
837 1719 989 1779 eglexcrunt
1000 1716 1075 1764 codd.
1085 1730 1145 1763 suns

55 1772 172 1823 Lambin.
182 1784 209 1824 et
219 1777 442 1828 'surrentino—⁵0
459 1780 578 1830 ‘Puncto
594 1790 652 1844 post
664 1782 792 1830 Miltomus
808 1782 902 1844 posito,
921 1781 981 1829 itta:
997 1781 1109 1829 scelerum
1123 1780 1144 1826 ri

52 1835 74 1883 lt.
86 1854 111 1900 p.
124 1839 238 1903 odoeqq.
256 1844 359 1891 trulrunt
375 1858 463 1891 ornnes
483 1859 562 1905 prope
574 1845 632 1893 edd.
666 1845 716 1893 Sed
730 1847 762 1892 ad
772 1859 877 1907 en,quae
895 1842 1056 1906 precedunt,
1075 1842 1141 1891 rese·

53 1908 113 1949 runt
129 1903 211 1951 Geso.
230 1913 256 1952 et
273 1905 386 1954 Schmid.
397 1921 460 1968 qnos
477 1907 549 1968 sequi
570 1906 602 1953 ud
623 1909 777 1954 sententium
797 1908 887 1953 melius
906 1905 1060 1954 videbatur!
1074 1906 1144 1954 duni.

58 1967 177 2015 Nostram
199 1969 435 2028 interpunctionem
457 1976 561 2015 servunt
580 1968 658 2015 etium
677 1969 760 2016 Zeun.
780 1969 888 2030 Bipont.
909 1970 1015 2019 lilitsctr.
1036 1969 1144 2018 Wetzel.

54 2029 155 2079 Walrei.
167 2038 195 2077 et
204 2032 359 2079 Comb.—62
376 2031 464 2077 Prono
476 2030 535 2077 Act.
549 2030 686 2079 Pulnrenni
697 2032 796 2082 Diesth.
805 2032 936 2082 Anholtiu.
947 2034 1022 2082 Febr.
1034 2033 1143 2081 Mentel.

55 2093 121 2140 Altt.
134 2096 190 2141 1.2.
207 2101 234 2140 et
248 2095 317 2152 Lips.
330 2097 354 2140 4.
386 2092 437 2140 Sed
451 2092 508 2140 vide
526 2094 557 2141 nd
576 2107 618 2142 ιιι.
631 2094 683 2142 Od.
697 2101 735 2144 lo.
747 2101 786 2144 to.
821 2098 895 2145 Proui
914 2096 1015 2146 emend.
1034 2097 1144 2158 Coning.

56 2156 135 2201 Primi
146 2154 216 2215 conj.
229 2156 308 2203 Witlr.
341 2157 549 2218 Proeiscouject.
562 2172 603 2218 up.
622 2157 775 2207 tanen-oc
794 2161 930 2209 Firmoodoe
942 2160 1043 2210 emend.
1056 2160 1143 2209 Bentl.

55 2217 122 2278 qnod
135 2218 220 2278 aptius
234 2219 390 2281 respondere
403 2227 475 2283 putot
484 2221 521 2281 τῷ
531 2222 603 2269 nimis
613 2226 699 2269 terrere
710 2230 736 2269 et
747 2224 784 2281 τῷ
793 2225 955 2285 copertorium.
984 2226 1048 2272 Eum
1061 2224 1144 2272 secuti

56 2293 113 2330 sunt
125 2282 233 2345 Cuning.
241 2284 336 2333 Surrad.
345 2285 412 2333 Sivr.
422 2286 537 2345 Francio,
546 2294 573 2334 et
581 2285 661 2335 Kidd.
687 2285 804 2334 Gesnero
815 2288 908 2337 etlani
920 2289 1015 2350 placuit
1025 2287 1143 2335 enrenda·

55 2346 101 2393 tio.
135 2345 186 2397 Hic
199 2349 286 2409 ιιειο,ί
301 2350 345 2399 Nil
356 2349 449 2412 video,’
461 2350 553 2415 inquit,
565 2351 607 2399 ‘iu
619 2350 840 2412 vulgetcomniunr
852 2350 927 2400 codd.
937 2352 1047 2400 lectione
1058 2364 1144 2412 repre-

545 2509 654 2560 NOTAE

55 2638 134 2683 lerum
146 2639 278 2685 rnnterinm
290 2640 410 2689 ursiulit!
425 2641 521 2691 lustin.
535 2641 579 2691 lib.
652 2646 685 2691 51
705 2641 837 2704 Elementa]
855 2641 1008 2690 Primordic.
1027 2641 1145 2691 Juvenal.

57 2724 101 2757 ιιι.
127 2710 206 2757 Ouid.
225 2713 306 2775 ‘opes
326 2715 486 2763 irritamento
502 2717 580 2765 molo·
620 2718 677 2766 Sat.
694 2731 750 2766 xiv.
769 2723 824 2766 128.
843 2718 928 2766 ‘Sunt
943 2716 1060 2781 quaeduru
1073 2717 1145 2766 vitio·

57 2784 130 2832 turn!
620 2805 676 2839 rum
688 2793 833 2842 elementa)

87 2868 116 2910 51
143 2862 268 2911 Erodcndo
289 2864 415 2926 cupidinis,
435 2864 489 2927 tro]
524 2867 579 2916 Cic.
655 2868 753 2914 Tenere
779 2865 850 2915 nimis
877 2869 972 2916 Meotes
990 2868 1147 2930 nrpcriorilrus

55 2939 159 2987 Tuscul.
178 2941 202 2986 4.
220 2939 304 2986 ‘cum
324 2945 364 2986 est
382 2939 519 3000 concupito
536 2955 580 3002 pe·
621 2941 761 2989 Fcnrroudae
777 2941 875 3002 studiis]
901 2943 949 2989 Vel
966 2957 982 2989 c
995 2942 1099 2999 teneris,
1119 2949 1147 2989 ut

54 3017 139 3077 cunia,
160 3029 208 3063 nec
232 3014 346 3064 adhibita
372 3016 492 3063 continuo
514 3017 581 3064 ratio
621 3016 702 3076 ciunt,
724 3017 883 3077 unguiculis:
912 3018 951 3064 vet
975 3016 1007 3062 ud
1030 3016 1145 3063 laborem

56 3093 128 3154 quasi
150 3091 266 3154 quodem
291 3092 423 3140 Socratica
445 3092 581 3151 medicine,
622 3106 714 3156 resque
735 3092 812 3140 durus
838 3097 866 3141 et
888 3105 990 3152 asperas
1012 3090 1146 3148 formando

56 3181 113 3227 quae
131 3175 204 3214 ornet
218 3181 273 3214 erm
286 3166 465 3229 cupiditatem,
482 3182 581 3230 pernis·
621 3174 683 3216 eunt
694 3173 792 3216 urentes
808 3166 883 3214 nimis
894 3163 1056 3215 effoeminstrc
1068 3172 1096 3214 ct
1107 3165 1148 3214 de·

58 3250 104 3291 not
113 3242 138 3288 iu
149 3256 227 3290 uenus
242 3252 269 3293 et
281 3244 390 3292 inheret
402 3243 427 3291 in
441 3242 582 3292 visceribus
621 3242 715 3302 liceto.
732 3240 799 3290 Vidc
811 3240 863 3290 Od.
875 3253 905 3290 ιι.
916 3241 990 3303 trojus
1000 3241 1068 3290 libri.

57 3316 119 3364 illud
140 3318 245 3376 mutuor,
269 3320 407 3383 existitque
430 3317 534 3366 morbus
554 3325 583 3366 ct
653 3321 685 3367 54
703 3317 787 3366 Nescit
807 3331 863 3380 equo
883 3316 950 3366 rudis
968 3316 1077 3378 Hoersrs,
1093 3317 1148 3380 tsc]

56 3392 200 3454 egrotatio,
210 3405 265 3454 qous
277 3394 352 3442 evelli
369 3394 516 3442 inveterato
530 3407 582 3442 nou
622 3393 770 3443 Generosos
788 3407 818 3442 oc
835 3391 928 3441 nobilis
945 3407 1009 3456 puer
1025 3393 1087 3457 (pro
1102 3394 1147 3442 de·

56 3473 176 3529 poscunt:
190 3467 265 3531 eique
277 3469 464 3516 urorbonomen
474 3475 513 3516 est
524 3483 583 3517 uve·
621 3470 699 3518 decm
710 3468 730 3532 1)
739 3468 823 3518 nescit
831 3468 957 3532 equitare,
969 3469 1093 3532 timetque
1106 3485 1149 3518 re·

56 3543 142 3592 titius!
621 3545 693 3606 nuri3
711 3545 760 3594 scit
776 3559 838 3593 vero
851 3551 879 3593 et
895 3553 964 3592 amnt
981 3544 1069 3592 indere
1086 3544 1147 3591 rnol-

90 3620 215 3682 Cupidinis
227 3616 314 3680 Prono]
335 3617 420 3667 Prave
432 3619 534 3683 quidam
547 3621 582 3669 le·
621 3619 975 3670 lioribusludisGraecoruru.
1003 3621 1044 3667 De
1054 3618 1148 3666 Romu·

56 3706 119 3760 gunt
133 3700 227 3747 Prnooe.
261 3695 413 3760 Cupidinem
425 3713 472 3759 pro
484 3699 582 3761 cupidl-
622 3699 660 3747 nio
680 3695 909 3745 exercitationibus
927 3696 1038 3756 ingenuo
1051 3695 1147 3755 juvene

56 3776 143 3822 tutein
156 3787 250 3836 genere
259 3775 400 3823 musculiue
412 3784 517 3837 usurpat
529 3775 581 3823 llo·
622 3774 705 3836 dignis
717 3773 775 3823 vide
787 3787 806 3820 ι.
820 3772 870 3820 0d.
882 3776 905 3817 8.
927 3772 968 3817 De
980 3771 1116 3816 venatione
1128 3780 1147 3815 ι.

58 3849 146 3908 retius,
158 3863 189 3896 rr.
201 3849 253 3898 Od.
266 3854 304 3898 lo.
316 3855 355 3899 15.
373 3852 485 3914 ‘cupido
500 3850 581 3899 sordi·
623 3850 704 3910 Epist.
717 3854 754 3897 18.
765 3854 804 3897 to.
815 3849 851 3895 itu
860 3846 943 3893 canit:
959 3846 966 3870 ‘
980 3844 1097 3890 Romanis
1108 3856 1148 3889 so·

59 3921 124 3968 dun*
149 3923 182 3971 Et
194 3923 249 3970 Set.
261 3938 280 3971 ι.
292 3929 333 3973 61.
351 3925 358 3951 ‘
371 3926 435 3974 Pers
454 3927 581 3975 hominum
623 3924 696 3971 tenue
709 3923 768 3969 viris
780 3936 855 3982 opus,
867 3918 929 3965 utile
942 3916 1017 3964 forne
1028 3916 1147 3978 viteque

58 3995 168 4056 decepto
180 3996 301 4057 cupidine
312 3997 388 4058 sulco,
401 4001 445 4049 Nil
458 4002 520 4050 sotis
532 4009 582 4058 ert,
622 4005 649 4045 ct
662 3995 802 4045 membris!

60 4069 159 4108 'munit'
