2408 4200
343 305 576 357 TESTIMONIA
601 305 650 353 DE
675 303 856 352 nonaum.

183 452 271 527 Nec,
287 470 372 534 quos
383 449 540 532 Thynica
554 447 636 510 lima
650 444 841 528 perpolivit,

180 550 353 626 Annellos‚
369 569 432 614 nec
448 550 470 614 J
473 550 590 631 aspios
606 544 752 627 lapillos.
867 619 870 626 1

423 719 569 783 Martial.
587 733 668 780 rm.
685 718 738 782 18.

51 844 108 906 Sic
126 839 222 902 Maro
237 856 297 900 uec
308 835 445 901 Calabri
459 835 600 898 tentavit
614 836 760 898 carmina
776 835 900 912 Flacci,

93 940 293 1004 Pindaricos
309 943 428 1020 posset
440 955 514 999 cum
530 955 685 1020 superare
700 935 828 1000 modos.

359 1118 484 1181 Lucan.
500 1116 542 1180 ad
559 1114 656 1200 Calp.
672 1117 842 1181 Pisonem.

51 1237 306 1319 Ausoniamque
322 1235 439 1318 chelyn
454 1237 588 1316 gracilis
604 1235 762 1317 patefecit
777 1234 910 1298 Horati.

410 1413 538 1480 Auson·
554 1414 597 1478 ad
615 1412 792 1497 Nepotem.

49 1536 99 1597 Te
118 1543 304 1614 praeeunte,
323 1534 356 1596 N
358 1553 452 1616 epos
467 1533 636 1596 modulata
649 1531 804 1613 po'emata
820 1530 934 1593 Flacci

49 1639 300 1717 Altisonumque
317 1637 432 1697 iterum
445 1634 497 1698 fas
514 1640 564 1698 est
578 1632 737 1696 didicisse
755 1631 935 1695 Maronem.

333 1813 377 1874 D.
396 1810 536 1874 Hieron.
553 1807 686 1872 Praesat
702 1810 736 1871 in
752 1807 870 1871 Chron.

94 1928 185 2004 Quid
204 1928 370 1991 Psalterio
387 1928 565 1991 canoriusl
593 1928 695 2009 quod,
715 1928 749 1989 in
768 1945 894 1989 morem
910 1925 1014 1987 nostri
1031 1925 1144 1987 Flacci

50 2038 84 2092 et
95 2029 206 2093 Graeci
216 2029 365 2106 Pindari,
376 2050 461 2093 nunc
472 2030 593 2092 lambo
607 2029 719 2105 currit,
730 2047 816 2090 nunc
829 2026 966 2090 Alcaico
980 2033 1145 2107 personat,

51 2150 137 2194 nunc
153 2128 326 2211 Sapphico
342 2135 456 2205 tumet,
472 2149 561 2192 nnnc
578 2128 748 2210 semipede
762 2127 949 2209 ingreditur.

278 2314 391 2377 Sidon.
407 2310 558 2392 Apollin.
575 2308 681 2389 Epist.
694 2305 735 2368 ad
752 2307 920 2386 Lamprid.

96 2428 135 2490 ln
163 2429 293 2510 Lyricis
318 2428 475 2490 Flaccum
496 2431 634 2485 secutus
657 2441 745 2484 nunc
765 2422 929 2486 serebatur
946 2425 977 2485 iu
994 2424 1144 2487 iambico

51 2530 223 2601 mws&c

96 2626 136 2688 Et
152 2626 231 2688 alibi
246 2646 252 2681 :

311 2709 424 2788 Stylns
442 2714 499 2770 aut
517 2706 742 2783 Maronianus

179 2811 248 2873 Aut
264 2829 330 2890 quo
347 2816 381 2871 tu
397 2808 528 2871 Latium
545 2810 634 2883 bean,
653 2809 787 2885 Horati,

179 2913 297 2974 Alcaeo
313 2912 422 2992 potior
439 2909 589 2990 Lyristes
605 2912 690 2990 ipso.

464 3084 648 3148 Comment.
664 3085 742 3149 Vet.

96 3203 231 3266 Horatii
247 3203 356 3265 Satira
370 3204 456 3265 inter
472 3203 591 3266 Lucilii
619 3213 652 3266 et
675 3204 696 3267 J
701 3205 850 3268 uvenalis
873 3204 1011 3269 Satiram
1035 3209 1145 3271 media

52 3315 115 3367 est.
162 3305 249 3368 Nam
266 3315 299 3368 et
315 3304 533 3386 asperitatem
555 3306 654 3368 habet
672 3312 707 3366 ut
722 3306 884 3381 LuciliuS,
900 3316 933 3369 et
948 3310 1144 3373 suavitatem

51 3416 86 3469 nt
100 3407 120 3468 J
126 3406 281 3468 urenalis

338 3553 371 3615 J.
389 3555 482 3634 Lips
501 3552 605 3634 Epist.
624 3552 752 3629 Quaest.
772 3571 811 3617 rr.
826 3557 857 3617 o.

95 3670 271 3747 Horatius,
285 3672 318 3733 in
330 3672 439 3734 Satira
452 3672 618 3754 placidus,
630 3672 724 3747 lenis,
738 3674 883 3753 quietnS,
896 3682 1007 3737 monet
1017 3675 1140 3754 saepius

52 3789 151 3850 quam
177 3774 337 3854 castigat;
362 3773 418 3835 sed
436 3774 483 3834 ita
511 3773 668 3854 praeclarc
694 3784 803 3836 tamon
829 3775 891 3837 hoc
915 3777 1037 3857 ipsum,
1050 3780 1084 3834 nt
1107 3776 1139 3834 in

51 3891 90 3932 oa
106 3879 199 3951 parte
216 3881 249 3934 et
264 3885 332 3935 arte
349 3873 430 3937 nihil
448 3874 558 3955 possit
571 3893 670 3956 supra
686 3893 772 3936 eum.
