2408 4200
407 261 440 319 Q·
464 259 623 308 nonsart
649 259 780 310 PLAOOi

220 400 417 483 Ludumquc
434 400 604 477 Fortunae,
619 419 804 483 gravesque

266 501 461 583 Principum
477 501 656 577 amicitias,
671 511 706 563 et
721 520 812 565 arma

169 599 330 663 Nondum
345 602 492 683 expiatis
507 605 606 664 uncta
621 601 808 676 cruoribus,
1113 600 1135 660 5

49 767 132 820 tiones,
146 771 169 815 el
183 766 295 815 Fortauoe
305 767 395 827 jocum,
412 772 435 815 et
448 767 543 814 Dmum
560 765 717 814 maoeasioaes
729 765 873 829 Reipublicae
887 768 1016 824 damma,
1031 770 1054 814 el
1072 779 1138 814 ormo

50 830 152 878 soudsm
169 831 268 878 laslrom
285 831 400 890 magnius
415 843 537 891 consperso
552 828 680 886 dcsfflbin
695 835 857 891 argaman
875 845 930 878 sone
945 830 1099 891 periculam
1115 833 1139 877 cl

517 953 686 974 ΝΙΜΜΝ

51 1049 71 1083 c.
82 1036 224 1084 eiciam-5
243 1036 330 1085 Beati.
342 1037 443 1084 emend.
454 1036 530 1085 tincto
540 1036 671 1097 mribus,
682 1035 825 1085 Schradaro
834 1035 916 1083 minus
927 1035 1065 1096 probante3
1076 1048 1135 1084 uam

53 1105 144 1147 contra
152 1099 221 1148 ilium
234 1098 333 1149 iaciunt
345 1114 394 1149 nou
405 1099 482 1150 modo
491 1100 568 1150 codd.
580 1114 678 1163 omnes,
690 1099 735 1149 sed
750 1100 828 1148 etiam
839 1104 893 1147 mds
904 1098 1064 1146 librariorum
1076 1099 1137 1164 trita

543 1247 648 1298 NOTAE

53 1361 80 1402 ta
92 1354 197 1417 imperii
210 1355 311 1406 fortuna
329 1372 379 1407 nou
392 1359 517 1422 caperat:
527 1361 576 1408 dic.
616 1356 667 1408 suit
695 1358 767 1408 bonis
794 1371 823 1406 ac
846 1354 1006 1418 Reipublicae
1028 1332 1139 1415 pravius.

54 1438 81 1478 ct
95 1433 171 1493 paulo
184 1440 255 1493 posta
274 1434 428 1498 ‘Pompeius
445 1434 576 1495 abitalia,
617 1434 682 1482 Cato
693 1433 798 1482 dicebat
816 1447 866 1480 non
883 1445 914 1479 ex
933 1429 1071 1478 inimicitiis
1085 1429 1142 1476 eo-

52 1506 162 1555 Senatus
174 1506 206 1554 ab
216 1508 404 1570 urbeiogstnr:
421 1525 494 1574 quam
505 1525 577 1573 paene
616 1509 679 1557 saria
691 1516 719 1557 et
730 1509 858 1569 Pompeii,
874 1506 918 1554 sed
936 1520 967 1554 ex
984 1506 1095 1566 ipsorum
1113 1510 1141 1551 et

55 1593 160 1626 vacuam
177 1589 247 1628 metu
260 1582 346 1629 Cesar
364 1585 577 1646 ingressns‚Con·
617 1583 702 1631 Crassi
723 1583 848 1630 societate
864 1587 892 1629 et
910 1579 1031 1633 amicitia,
1051 1591 1142 1639 prove·

53 1653 315 1715 suiemsoipsafacit.
341 1658 577 1722 AErarinmquoqua
618 1660 785 1708 uissaomuia
803 1658 959 1720 Reipublicae
976 1658 1050 1704 maia.
1085 1656 1141 1703 Hos
1176 1664 1181 1670 ”

54 1729 242 1792 sanctuni,quia
251 1731 348 1778 tardius
359 1733 512 1794 aperiebant
521 1733 577 1780 Tri·
618 1733 696 1794 igitur
718 1730 854 1793 Principes
876 1731 1006 1791 intellige:
1026 1730 1065 1777 vci
1089 1728 1141 1775 Au·

55 1802 125 1864 boni,
141 1805 221 1865 jussit
238 1804 357 1867 effringi:
375 1821 530 1870 censumque
550 1816 578 1857 ct
618 1814 729 1868 gustum,
738 1805 871 1868 Lepidum,
882 1803 1079 1860 etAntonium;
1098 1802 1142 1864 qui

55 1879 235 1939 patrimonium
247 1880 340 1942 Populi
351 1881 458 1930 Romani
466 1888 526 1930 ante
538 1895 577 1930 rs·
619 1887 691 1931 certe
700 1895 787 1930 omnes
799 1895 851 1929 rem
864 1894 933 1927 arram
949 1893 998 1926 non
1011 1877 1141 1939 publicam

55 1953 111 2013 pnit
122 1968 197 2015 quam
208 1954 366 2016 imperium!
400 1956 480 2005 Hisce
491 1962 578 2005 tamen
619 1963 765 2019 quaerentes
776 1954 882 2018 Imperii
895 1953 1039 2013 Populiqne
1050 1951 1142 1997 Roma·

55 2031 106 2074 tam
130 2029 248 2077 violantes
270 2029 420 2091 cupiditatis
444 2031 578 2080 conatibus
619 2031 645 2078 ni
656 2031 802 2080 libertatem
816 2027 1020 2092 pessumdedere.
1046 2025 1141 2073 Lucan.

54 2092 126 2149 Jor'ts
137 2105 247 2165 speciem
264 2108 426 2166 praetexebat
437 2108 533 2168 Caesar,
545 2107 578 2156 de
620 2122 638 2156 r.
655 2112 695 2156 98.
715 2108 843 2168 ‘Tempus
862 2105 893 2152 ad
917 2102 1025 2163 Augusti
1050 2100 1143 2147 nraosit

55 2176 129 2224 Beiio
141 2178 216 2226 Civili
230 2193 248 2227 ι.
259 2183 298 2228 22.
311 2182 442 2231 scribens:
459 2182 511 2230 ‘Se
528 2197 578 2230 non
620 2181 759 2231 concordia
770 2180 883 2228 discors:
905 2179 1010 2239 Paxque
1027 2173 1077 2222 fuit
1092 2187 1141 2221 non

29 2301 32 2304 ,
55 2250 174 2300 maleficii
192 2267 270 2303 causa
290 2269 321 2303 ex
343 2258 475 2319 provincis
493 2272 578 2321 egres·
620 2264 711 2320 sponte
722 2253 843 2303 Ducum!

56 2341 121 2384 arrio,
132 2327 175 2374 red
191 2329 226 2376 uti
243 2344 271 2376 sc
289 2344 305 2377 a
321 2333 483 2381 coutumeliis
500 2333 579 2380 inimi·
651 2330 752 2377 taicum
765 2330 875 2374 Nondum
886 2326 987 2387 expiatis
998 2330 1067 2372 uncto
1077 2339 1142 2370 cruo-

56 2413 142 2446 corum
154 2400 322 2463 defenderem
339 2414 367 2453 ut
381 2407 508 2454 Tribunos
526 2407 578 2468 pia·
618 2403 695 2464 ribus]
712 2403 785 2451 Belia
798 2402 901 2449 vixdum
916 2402 980 2447 bene
998 2400 1091 2459 sopita,
1104 2412 1142 2445 rc-

56 2472 94 2520 bis
106 2489 137 2521 ea
149 2491 175 2522 rc
188 2491 219 2524 ex
237 2478 343 2526 civitate
361 2481 446 2541 pulsos
466 2481 490 2525 in
509 2493 578 2526 suam
619 2479 800 2526 crudescentes
823 2474 936 2537 quotidie
962 2473 1142 2527 dissensiones,

56 2546 206 2606 dignitatem
219 2551 380 2608 restituerem
398 2559 427 2598 ut
445 2566 472 2600 se
488 2560 514 2602 et
530 2555 578 2602 Po·
620 2552 684 2600 ‘uec
696 2552 768 2600 finita
785 2566 842 2598 cum
860 2551 927 2597 irciio
946 2551 1056 2611 partium
1069 2549 1144 2608 odia,'

56 2620 143 2681 pulum
157 2622 296 2669 Romanum
316 2639 453 2685 paucorum
466 2625 579 2676 factione
620 2634 649 2673 ut
668 2627 703 2673 ait
721 2627 788 2673 Pior.
802 2625 844 2672 cit.
853 2623 1002 2670 Theodorus
1013 2623 1143 2670 itiarciiius

56 2705 205 2755 oppressum
221 2694 245 2741 in
263 2695 407 2745 libertatem
422 2701 580 2750 vindicaret!
621 2703 744 2763 explicat,
766 2702 836 2748 cives
857 2699 1011 2747 armilustrio
1034 2698 1143 2744 nondum

58 2770 91 2817 Et
103 2770 169 2832 apud
182 2771 347 2822 Sociorum.
360 2779 465 2835 capto.
479 2777 580 2826 Asinius
622 2775 750 2836 expiatos,
773 2774 883 2821 nondum
906 2778 963 2820 acto
986 2785 1074 2830 censu,
1097 2785 1144 2819 nec

57 2846 112 2904 ipsc
129 2846 212 2892 Poiiio
230 2853 341 2895 testatur
352 2848 489 2909 Caesarem,
502 2852 582 2900 Pirar·
622 2851 703 2897 instro
720 2848 841 2896 condito:
860 2854 920 2894 tunc
939 2846 1055 2893 nimirum
1075 2846 1144 2894 cives

56 2918 133 2965 salica
145 2933 224 2965 casos
235 2920 289 2966 acie
302 2927 450 2969 cernentem
462 2923 582 2972 adversa·
622 2937 709 2970 omncs
728 2923 753 2969 in
772 2923 894 2981 Campum
911 2920 1032 2966 Martium
1053 2919 1144 2965 armati

58 2993 116 3047 rios,
136 2995 160 3040 iu
180 2995 235 3043 haec
256 2997 372 3057 erupisse
392 2998 486 3046 verba:
505 2999 583 3049 ‘Hoc
622 2994 816 3048 conveniebant,
837 2994 921 3054 ibique
938 2992 1078 3051 sacrificiis,
1090 2995 1144 3039 sive

58 3069 208 3116 voluerunt:
228 3071 306 3117 tantis
315 3070 390 3118 rebus
401 3073 478 3134 gestis
487 3073 516 3121 C.
527 3074 583 3122 Cae·
622 3069 810 3120 solitaurilibus
822 3068 1007 3116 lustrabantur.
1040 3067 1146 3128 Dionys.

58 3159 99 3190 sar
111 3144 294 3193 condemnatus
306 3160 397 3202 essem,
407 3147 456 3195 nisi
469 3147 500 3195 ab
512 3163 584 3197 exer·
623 3146 756 3193 Haiicarn.
776 3144 866 3208 Antiqf
886 3144 959 3190 Rom.
976 3144 1018 3190 lib.
1031 3156 1069 3189 ιν.
1084 3143 1145 3190 scri-

59 3221 112 3269 citu
125 3221 246 3268 auxilium
260 3221 409 3282 petiissem!
624 3221 678 3269 bit:
695 3220 829 3268 ‘Servium
842 3218 953 3266 Tullium
969 3217 1039 3265 cives
1057 3231 1144 3265 omnes

90 3298 104 3341 3
122 3295 255 3355 nidumque
265 3297 388 3357 Fortunae]
412 3298 476 3347 Quae
488 3300 583 3360 gaudet
623 3295 648 3342 in
661 3294 795 3341 maximum
809 3300 867 3339 ante
885 3293 972 3339 urbem
990 3306 1107 3353 campum
1120 3292 1143 3338 in

59 3384 100 3417 res
121 3370 221 3430 quietas
240 3371 360 3430 miscere;
378 3372 421 3419 iros
438 3380 581 3435 attenuare,
623 3369 699 3415 armis
722 3367 857 3413 emenii?
876 3366 972 3425 jumi,
994 3374 1020 3414 ‘l
1043 3368 1067 3414 in
1095 3366 1144 3412 suit

58 3445 114 3492 ilios
135 3445 185 3490 imo
203 3442 292 3490 toliere
312 3443 345 3491 de
368 3445 463 3505 gradu3
481 3455 581 3495 vertere
623 3455 735 3503 quosque
747 3440 878 3487 ordinibus
894 3441 1058 3501 constitutos,
1074 3443 1145 3502 expi-

58 3519 190 3567 t‘uneribns
208 3518 356 3578 triumphos.
391 3520 456 3566 Vide
475 3536 551 3583 supra
564 3538 581 3570 r.
623 3529 687 3571 ³⁵⁸⁰·
700 3524 780 3572 ΜΗΘ,
793 3514 884 3570 arieles
893 3522 919 3559 0¹
932 3516 1011 3569 illito,
1024 3525 1063 3562 ill
1072 3530 1145 3562 exet·

60 3594 111 3643 0d.
121 3597 160 3641 34,
171 3602 197 3639 et
209 3597 248 3640 35.
257 3600 284 3640 et
297 3594 365 3641 Flor.
377 3601 438 3641 ante
450 3595 493 3643 cit.
504 3597 582 3644 ‘Tua
623 3588 699 3635 citum
711 3588 901 3644 circumductis,
913 3604 1021 3650 moxque
1034 3591 1143 3637 immola-

58 3685 92 3732 pe
104 3670 191 3716 dictu:
209 3668 412 3729 modopriuceps
423 3678 582 3733 patrum,pa.
625 3664 673 3711 tis:
693 3674 769 3725 atque
789 3678 865 3709 ceusu
888 3672 992 3724 peracto
1009 3680 1064 3711 eam
1085 3677 1142 3724 pur·

59 3745 96 3791 cis
108 3744 218 3804 bellique
231 3740 375 3789 moderator
388 3758 433 3804 per
443 3744 582 3806 triumpha.
623 3738 699 3800 gandi
720 3739 842 3784 rationem
861 3738 928 3798 apud
947 3739 1073 3786 Romanos
1086 3739 1143 3784 irac-

61 3825 113 3863 tum
127 3830 178 3863 ase
190 3829 270 3876 mare,
284 3816 368 3862 lacera
379 3823 406 3863 et
417 3816 506 3864 inermi
517 3832 582 3865 nave
625 3822 696 3860 tenus
713 3813 873 3859 observatam
885 3813 916 3859 ab
932 3814 960 3859 iis
973 3814 1014 3874 qui
1026 3812 1143 3858 sacratis·

61 3889 192 3949 fugiebat:
623 3890 712 3936 simunt
741 3888 855 3935 obtinent
886 3889 1071 3950 biogistratunr,
1093 3887 1144 3934 lus·

95 3965 228 4025 Graecaque
242 3965 380 4026 Principum
391 3966 518 4028 amicitias]
530 3969 583 4015 Tri·
625 3972 741 4024 trumque
752 3961 923 4022 appeliatnm.'
944 3961 1007 4006 iiaec
1022 3974 1080 4006 vcro
1090 3962 1143 4020 jam

64 4038 215 4086 urrrviratum
229 4055 328 4102 ncmpc,
341 4055 388 4102 quo
402 4042 461 4089 uilrii
475 4057 581 4105 uuquam
625 4043 720 4104 potitus
730 4056 810 4089 rorum
820 4040 946 4099 Augustus
956 4038 1071 4095 religiose
1081 4054 1144 4101 pra·
