2408 4200
380 245 585 295 curcumitu
610 245 683 294 ure.
706 247 757 294 tv.
779 231 832 295 ll.
1075 236 1141 302 una

97 393 212 469 Dices,
230 390 327 457 Heu!
348 389 497 474 (quoties
512 396 544 454 re
558 391 592 453 in
608 392 747 473 speculo
763 391 886 456 videris
901 394 1056 478 altarum)

98 493 185 571 Quae
201 511 292 555 mons
306 495 357 554 ast
370 490 480 567 hodie,
496 511 553 554 cur
567 491 684 554 eadem
700 510 763 554 non
780 511 880 573 puero
894 493 978 557 suitt

95 592 162 657 Vel
177 592 301 656 curbis
317 592 437 655 animis
452 592 633 655 incolumes
648 611 713 655 non
728 591 864 657 redeunt
879 597 997 673 genael

53 756 184 813 dirrutum
200 760 256 803 tuuc
266 756 451 817 quandocumque
460 761 484 804 le
494 755 611 804 dioerrum
627 758 746 818 orpeaeerir
761 757 786 805 iu
801 759 900 818 speculo,
918 759 994 806 dicer:
1014 760 1091 819 Eleu,
1099 761 1140 822 qui

52 835 114 868 nune
128 821 193 868 odeat
203 819 305 875 eruimur,
314 833 385 880 quere
398 819 460 868 idem
470 834 515 867 uon
525 817 598 881 offuit
607 817 693 878 junrur'
703 820 778 868 mibi!
792 822 830 868 eal
849 834 921 883 quare
937 821 992 869 buic
1005 824 1077 871 nunti
1092 838 1138 871 nou

53 889 204 933 revertemur
214 882 314 942 integra
322 880 397 930 mala.

55 1056 131 1106 Febr·
143 1056 212 1104 Mur.
224 1056 303 1117 Rntg.
327 1056 452 1117 inspeculo
463 1064 562 1119 reptem
574 1057 663 1106 Lamb.
675 1055 725 1104 duo
737 1056 930 1120 Blandd.Cruq.
942 1057 1053 1105 Bentleii
1066 1058 1139 1108 netu.

54 1119 145 1182 Regin.
157 1118 248 1176 etalii,
268 1119 405 1167 Pulmunni
418 1119 519 1167 Diertlr.
537 1120 610 1169 Harl.
629 1125 654 1168 4.
672 1126 697 1167 ⁵.
715 1120 781 1168 Altt.
794 1121 863 1182 Lipe.
881 1126 905 1169 l.
923 1120 1030 1169 Mantel.
1046 1122 1139 1169 Venet.

54 1187 125 1232 1492.
141 1182 248 1231 loclrer.
261 1180 323 1230 Arc.
336 1181 427 1230 Helue.
440 1181 529 1244 Steplr.
541 1183 603 1231 Fab.
615 1185 712 1231 Dacar·
731 1184 817 1232 Bantl.
831 1185 907 1232 Baxt.
922 1184 987 1231 Cun.
1004 1185 1065 1231 San.
1078 1183 1139 1233 Jon.

54 1246 242 1371 iiix-{13⁰2}-
253 1245 360 1357 ginali.
379 1247 487 1294 Wetzel.
503 1244 605 1295 Wakei.
621 1245 700 1295 llidd.
711 1254 739 1294 et
750 1246 840 1296 Comb.
873 1247 943 1309 Apte
954 1245 1042 1295 laudat
1053 1247 1139 1295 Bentl.

546 1387 653 1437 NOTAE

53 1485 135 1532 uoluta
154 1481 227 1543 poni,
243 1486 272 1529 ut
287 1480 354 1542 apud
371 1480 464 1542 Virgil.
482 1479 538 1530 AEn.
556 1496 576 1532 r.
617 1482 698 1544 polito
709 1481 845 1544 bispidum,
858 1484 976 1544 pilosum,
985 1484 1125 1532 borridum.

53 1554 348 1616 ‘Tumproraurertit.'
378 1555 429 1602 Sed
447 1555 575 1617 uolgatum
648 1557 743 1612 rouo
761 1572 824 1605 meuc
845 1564 880 1606 ert
901 1557 977 1616 bodie,
995 1558 1048 1618 tro]
1069 1559 1138 1605 Dum

54 1630 188 1678 lectionem
201 1627 388 1692 praeferendum
400 1643 502 1678 censeo.
617 1632 690 1681 annin
703 1639 729 1680 et
746 1631 937 1695 pulchritudine
951 1629 1083 1690 florebam,
1094 1643 1140 1677 cur

85 1707 101 1750 o
117 1699 227 1764 Speculo]
243 1701 323 1750 Velut
334 1699 491 1751 effoeminato
508 1703 576 1766 qnod
616 1722 725 1771 nonego
735 1714 860 1770 quartum
873 1705 1045 1755 meretricium
1058 1704 1125 1752 feci?

53 1775 164 1825 soeminaa
186 1784 227 1825 eet
248 1775 338 1825 tribuit
355 1777 496 1839 speculum.
533 1779 576 1828 Sic
649 1779 996 1841 81Velcuririaonimir‚dsa.]
1013 1778 1067 1827 Aut
1078 1792 1140 1840 qua·

52 1851 515 1913 Juvenulintlronamimperatorem
525 1854 577 1900 uel·
618 1870 644 1902 re
656 1869 706 1902 non
719 1856 826 1901 redeunt
843 1854 902 1900 mihi
919 1853 1047 1900 imberbeu
1058 1867 1141 1912 genae,

54 1926 114 1974 licut
134 1926 212 1974 etiam
231 1928 257 1973 in
274 1925 365 1973 caetris
383 1925 515 1983 speculum
528 1925 577 1969 cir·
617 1937 674 1970 cum
681 1924 735 1981 jam
748 1931 863 1983 tempore
874 1922 963 1982 didici,
974 1931 1077 1970 oetatem
1091 1923 1141 1970 labi

54 1998 249 2058 cumt‘erantem,
268 2000 324 2046 Sat.
346 2008 377 2042 ιι.
402 1999 442 2040 99.
472 2000 500 2039 et
522 1997 577 2041 tua.
619 2000 646 2041 et
658 1993 763 2041 formam
776 1995 878 2056 perire?

51 2072 210 2120 ‘Consilium
233 2067 337 2116 sormae'
357 2064 488 2127 speculum
511 2066 577 2114 belle
650 2068 790 2130 Incolumes]
808 2068 900 2116 Colore
911 2075 939 2117 et
951 2069 1087 2131 juventute
1104 2069 1141 2116 ni·

54 2152 128 2192 uocet
141 2142 277 2190 Martialis.
617 2148 710 2202 tentae,
728 2142 804 2189 nullia
819 2148 872 2190 tum
891 2143 961 2204 rugia
981 2141 1140 2204 deformatae,

86 2214 206 2276 Alterum]
219 2215 306 2277 Longe
318 2220 454 2277 mutatum,
465 2228 479 2262 e
489 2215 538 2263 leri
551 2221 579 2262 et
618 2216 702 2266 aetatie
714 2216 801 2277 vigore
812 2214 942 2265 florenter.

500 2411 598 2475 ODE
630 2412 700 2475 XI.

446 2559 485 2605 1u
511 2560 746 2607 ruunnrnnu.

55 2655 144 2704 Idibus
158 2657 263 2718 Aprilis,
274 2659 317 2720 qui
329 2658 383 2704 dica
400 2659 538 2705 Maecenati
550 2671 595 2704 uno
612 2660 701 2707 notulis
713 2664 779 2719 erat,
791 2659 929 2707 Fidicioum
945 2657 1070 2721 quandum
1081 2656 1142 2704 ami·

87 2748 142 2780 cam
154 2735 186 2779 de
204 2748 271 2780 ruore
284 2735 315 2780 ad
328 2748 356 2781 se
376 2735 477 2781 invitat.
510 2735 668 2785 Crediderim
687 2739 751 2786 lunc
768 2737 847 2785 sintne
858 2754 934 2801 qnam
948 2753 1023 2800 supra
1040 2736 1141 2784 devium

87 2818 196 2859 scortum
209 2811 296 2871 Lyden
313 2813 489 2872 appellaverat
507 2813 585 2859 sodali
597 2827 641 2859 ruo
657 2815 770 2874 Telepho
785 2816 938 2876 adamatum,
951 2830 1024 2876 qurum
1038 2817 1093 2876 jam
1109 2814 1142 2863 ob

89 2890 275 2952 provectiorem
294 2891 394 2940 scilicet
410 2892 435 2938 in
453 2905 479 2937 re
498 2891 567 2937 tenui
580 2898 683 2937 tatatem
701 2891 758 2949 ribi,
770 2905 844 2951 quum
863 2893 898 2939 illi
910 2900 938 2939 et
949 2893 1104 2941 adolescenti
1115 2897 1143 2938 et

86 2970 170 3027 diuiti,
183 2973 262 3032 magle
273 2971 389 3020 idoneam
404 2972 458 3018 vult
471 2969 559 3018 videri.
589 2969 733 3030 (Hariolarl
744 2982 827 3016 meum
840 2983 889 3017 non
901 2976 950 3019 est.
963 2971 1047 3032 Geor.)

227 3085 299 3147 Esn
315 3084 394 3147 mihi
408 3103 530 3146 nonum
545 3083 731 3164 superantis
748 3100 868 3144 annum

90 3246 112 3291 0
123 3244 214 3305 Phylli,
223 3246 356 3306 ampliorem
367 3245 437 3291 liabeo
446 3243 539 3304 plenem
549 3241 636 3290 Albani
649 3241 697 3289 oiri
709 3256 888 3290 ornumornum
900 3243 1055 3303 tronrgrerri:
1072 3241 1142 3292 dobeo

511 3368 538 3385 Ν
543 3366 689 3386 ΙΙΙΙΙΙΙ

89 3451 147 3500 Ode
161 3455 250 3498 octava
261 3449 332 3497 Libri
345 3449 416 3497 tertii
429 3451 454 3497 in
466 3448 514 3496 Ed.
526 3448 621 3497 Sunad.
655 3449 807 3498 lurcribitur
822 3448 862 3498 Au
875 3449 995 3513 Phyllida,
1011 3450 1035 3498 in
1046 3450 1141 3500 venat.

58 3519 128 3564 1402.
148 3515 293 3563 bechamet
305 3513 410 3560 Arcena.
435 3513 475 3560 ,td
487 3513 627 3575 Phyllidem,
643 3516 672 3561 dc
690 3514 728 3561 die
746 3515 823 3561 netuli
833 3516 871 3561 rui
882 3515 1020 3561 llloecenutia
1036 3515 1142 3575 quierat

59 3581 96 3626 ld.
108 3578 201 3640 Aprilis
216 3587 266 3624 vet.
279 3576 336 3624 cod.
348 3590 389 3637 ap.
401 3577 523 3623 Torreat.
557 3576 597 3622 Da
612 3578 649 3623 die
668 3577 754 3624 notrdie
770 3579 807 3624 rui
824 3579 894 3625 simul
908 3584 932 3626 et
943 3578 1083 3627 Marruuia
1099 3579 1141 3624 ulii

57 3655 99 3702 ep.
109 3643 272 3690 Torreat-l
293 3640 399 3689 Loclrer.
409 3639 486 3688 ltebet
501 3640 591 3694 horreo,
604 3649 723 3688 monente
740 3641 801 3690 leni
819 3641 850 3689 ud
868 3642 893 3689 lr.
906 3656 943 3689 us.
962 3656 1008 3704 pro
1019 3656 1069 3703 qno
1079 3655 1140 3687 uoce

546 3766 652 3815 NOTAE

92 3863 579 3929 Metrumidemqriodsnpruonn.
621 3862 698 3909 iidem
720 3861 751 3909 ad
772 3864 861 3924 epulas
891 3863 991 3913 invitat,
1022 3861 1142 3922 lautaque

66 3990 71 3996 ,
93 3939 103 3981 l
126 3936 167 3982 Eut
185 3938 251 3997 ηιϋιί,
270 3939 322 3999 iso]
347 3940 466 3989 Natalem
483 3940 579 3987 Maca·
620 3935 904 3999 apondetloreomnin;
923 3949 954 3981 na
972 3936 1143 3984 varoillaTe·

60 4009 126 4055 iretis
135 4009 308 4059 celebraturus
319 4013 400 4061 Poeta
410 4013 580 4074 nonterPlryl·
620 4012 689 4072 laplri
703 4024 788 4059 amore
799 4011 949 4063 retineatur,
966 4010 1052 4057 multia
1069 4024 1140 4059 conu-
