2408 4200
427 260 461 318 Q.
484 254 641 307 aona'rrr
668 259 799 308 ruaocr

234 397 411 481 Amphora
427 401 552 464 sumum
567 402 679 465 bibere
695 405 853 469 instituite

313 496 316 503 ’
523 499 671 565 Consule
681 502 790 566 Tullo.

233 599 346 676 Sume,
363 599 548 678 Maecenas,
565 604 705 684 cyathos
721 605 821 666 amici

232 699 378 781 Sospitis
392 711 523 767 centum
538 725 547 782 ;
570 713 603 768 et
617 705 733 785 vigiles
749 705 902 768 lucernas

60 877 296 950 remffmumrtieear
309 878 361 940 pice
371 881 467 944 affixam
483 881 573 939 auferet
592 879 653 927 dolio
664 880 760 938 samara
770 880 905 929 manaim
920 885 994 944 eopia
1004 879 1048 928 aab
1060 881 1151 927 Ceam·

60 934 111 984 lala
123 937 193 988 mur.
228 941 250 988 0
261 942 386 1004 macero,
398 947 475 1008 accipe
484 950 593 993 centenae
603 943 709 1005 ecypior,
720 944 748 992 oo
758 944 857 993 wican
866 944 1013 1006 iareim,
1022 949 1044 992 et
1056 943 1151 1006 acano·

515 1085 693 1107 uenenum

62 1158 104 1207 iit.
138 1161 234 1212 Omnee
245 1166 326 1214 ceteri
340 1167 415 1216 codd.
427 1175 453 1218 et
465 1167 524 1218 edd.
542 1167 742 1217 dimovebit—12
760 1167 836 1217 diullio
854 1167 957 1216 emend.
974 1165 1073 1215 Bonfin.
1095 1165 1150 1213 An·

60 1230 258 1277 notatxxxrrr.
278 1231 345 1278 unde
362 1233 398 1280 eic
410 1232 652 1282 Arcenam-1519.
672 1239 792 1294 tanquam
814 1233 943 1294 pertineat
963 1230 994 1277 ad
1016 1230 1148 1278 Ciceronis

60 1290 237 1360 commatum
254 1301 284 1341 ut
296 1296 371 1343 Tadio
390 1311 437 1358 per
450 1296 597 1360 Synaereain
617 1309 664 1359 pro
683 1295 833 1359 diaayil.ait.
864 1296 915 1344 Sed
935 1296 1001 1343 bene
1020 1293 1149 1354 depexum

62 1350 133 1399 aliurn
145 1353 218 1404 dedit
231 1357 418 1408 mareau-rt
436 1360 509 1410 Heri.
521 1365 544 1410 1.
565 1359 673 1408 Mentei.
686 1359 756 1422 Lipr.
769 1365 791 1408 l.
811 1359 922 1408 Bentleii
942 1359 1029 1407 (ἔνων.
1044 1365 1071 1405 et
1089 1356 1150 1404 Coi-

61 1414 130 1464 bert.
148 1417 258 1480 Hospiiia
271 1435 316 1482 pro
328 1423 439 1485 Serpitir.
471 1426 534 1474 Mox
553 1431 577 1472 et
598 1422 801 1485 ejecit'Cuning.
813 1423 873 1487 quia
891 1423 976 1485 aptior
997 1421 1093 1469 letitiae
1114 1421 1150 1467 ait

61 1482 144 1528 oratio
156 1482 288 1533 dissoluta.
321 1487 385 1533 Eum
398 1490 482 1536 aecuti
493 1489 587 1536 Sanad.
600 1494 627 1535 et
639 1487 707 1535 Sirr.
720 1488 813 1550 etjam
832 1489 904 1536 abeat
923 1502 937 1535 a
957 1486 1026 1549 Lipa.
1037 1489 1061 1534 i.
1077 1483 1148 1532 ‘Sed

551 1623 658 1673 NOTAE

58 1727 115 1791 pice
132 1731 234 1793 quidem
251 1734 393 1783 astrictum.
428 1735 510 1784 Cato:
530 1734 581 1782 ‘In
621 1736 677 1780 687.
699 1733 826 1794 prolatum
845 1744 963 1783 ueroeat
984 1737 1017 1782 ab
1039 1737 1152 1787 Horatio

58 1805 580 1871 amphorammiratumiudito,etcortioem
622 1809 698 1868 paulo
724 1814 782 1869 poat
805 1808 952 1869 subjugatos
976 1811 1007 1857 ab
1031 1811 1150 1873 Agrippa

57 1883 194 1944 oppicato.'
222 1886 314 1933 Tibuli.
328 1901 357 1934 ιι.
374 1888 448 1948 Eleg.
461 1892 484 1935 1.
497 1888 504 1914 ‘
517 1887 581 1936 Chio
621 1881 775 1941 Cantabros,
785 1881 817 1929 de
829 1882 920 1945 quibua
932 1883 979 1930 nub
988 1885 1061 1945 hujus
1070 1884 1148 1934 tinem

57 1959 149 2006 roirite
163 1959 244 2007 vincia
256 1960 337 2008 cado!
623 1956 777 2017 Odea,anuo
795 1957 893 2004 scilicet
910 1961 965 2004 734.
984 1966 1011 2005 ut
1029 1958 1065 2005 ait
1082 1960 1148 2008 Cru-

90 2035 118 2078 11
139 2032 238 2080 Famam
256 2033 333 2083 bibere
348 2034 478 2098 instituite]
502 2036 582 2084 Fumo
621 2032 704 2094 quius,
714 2032 798 2079 riuum
809 2031 870 2079 iilud
881 2038 955 2079 vetus
965 2030 1053 2079 suimet
1066 2047 1148 2082 annos

57 2105 152 2153 dudum
177 2109 311 2171 exposita,
338 2112 406 2159 unde
434 2117 581 2160 contentum
620 2108 661 2153 47.
689 2105 1148 2170 intereameminisseoponetquod

56 2181 82 2227 in
103 2195 134 2228 ea
153 2183 237 2230 vinum
253 2185 308 2246 jam
331 2194 457 2235 maturum
477 2195 502 2234 et
524 2187 581 2234 lene
622 2181 712 2230 scribit
726 2183 794 2230 Piin.
806 2197 863 2229 mox
876 2183 936 2229 cit.‘
951 2183 1084 2230 Falernum
1098 2198 1148 2231 nec

56 2270 168 2317 proram.
186 2259 264 2307 Ouid.
274 2260 582 2311 Fast,i·,⁴1‹*umeuin2.·
621 2257 788 2312 innocuam,
807 2271 854 2304 nec
874 2258 898 2304 in
917 2257 996 2304 nimie
1017 2265 1146 2306 vetustate

56 2331 171 2380 Martini.
184 2347 226 2381 ιιι.
237 2339 277 2383 81.
288 2337 296 2363 ⁴
307 2337 390 2385 cocta
405 2336 481 2385 sumi,
499 2344 581 2384 muer.
621 2331 723 2390 corpori
734 2330 837 2377 aaiubre
849 2339 897 2378 ert.
921 2332 1009 2378 Media
1019 2333 1072 2392 ejus
1082 2340 1148 2381 aeta»

56 2405 227 2456 Massilitanis)
261 2409 333 2456 Idem
348 2423 375 2457 x,
387 2415 426 2457 36.
443 2413 450 2436 ⁴
465 2411 580 2471 improba
619 2408 685 2450 815.
704 2419 770 2451 anno
787 2405 965 2465 incipit..·.Si
984 2406 1017 2451 sii
1029 2405 1147 2453 fumoin.

55 2479 177 2529 fumaria’
194 2485 272 2542 diem
292 2484 460 2545 01,‘Accipir
475 2491 578 2531 atatem
621 2486 773 2535 veteratum,
785 2479 913 2526 insalubre
927 2487 975 2526 cst.
1003 2479 1148 2540 Mangones

55 2556 386 2617 qtrisquieabinnecadue!
413 2558 507 2604 Tibuii.
521 2571 578 2604 mox
620 2552 705 2598 istain
718 2551 849 2612 apothecis
862 2554 1051 2613 excogitavere.
1083 2553 1146 2603 Jmn

55 2630 99 2677 cit.
112 2633 120 2658 ‘
131 2632 204 2678 Nune
215 2633 273 2678 miiri
283 2632 406 2679 sirenosum
420 2634 512 2681 reterin
524 2647 579 2693 pro·

53 2703 121 2752 ferte
138 2707 272 2753 Falernum
292 2706 425 2754 Conmiia.'
455 2707 579 2755 Columel.

53 2794 74 2829 r.
87 2785 110 2828 6.
130 2782 261 2842 apotheca
284 2790 489 2843 superponuntur
508 2784 578 2844 iocis,

52 2855 120 2903 unde
129 2856 276 2918 plerumque
286 2856 369 2905 furnus
379 2858 505 2904 exoritur:
516 2872 577 2920 quo·

52 2931 119 2979 niam
129 2932 185 2979 rina
193 2930 260 2980 firmo
270 2933 377 2980 celerius
387 2939 575 2981 vetustescunt:

53 3007 108 3068 ejus
131 3015 218 3055 tenore
236 3022 380 3069 praecocem
403 3009 577 3058 maturitatem

52 3083 166 3144 trahunt,
177 3086 225 3132 &o
251 3085 318 3132 l’iin.
336 3098 419 3132 χχιιι.
431 3089 453 3131 l.
471 3087 478 3110 ⁴
491 3085 577 3130 Minue

50 3157 157 3206 infestet
180 3174 271 3206 nervos
289 3160 354 3222 quod
375 3167 502 3207 vetustate
521 3158 576 3205 dui-

51 3234 189 3279 cescit....
203 3233 255 3279 Nos
270 3232 330 3280 sumi
349 3232 519 3279 amaritudine
535 3246 577 3277 re·

51 3310 174 3351 turturem
188 3306 257 3352 indui
276 3320 422 3367 persuasum
438 3302 576 3351 habemur!

619 2635 645 2675 et
655 2626 851 2688 patresfamilias
860 2636 962 2675 aetatem
972 2626 1090 2674 ademere
1098 2629 1147 2687 hia,

619 2716 675 2765 quae
701 2717 747 2764 per
770 2717 797 2750 ae
818 2704 910 2751 cariem
935 2712 1045 2751 traxere.
1086 2707 1145 2755 Quo

619 2790 690 2830 certe
712 2782 835 2830 vocabulo
854 2783 916 2830 satis
934 2783 1030 2829 consilii
1049 2782 1145 2829 dedere

619 2856 723 2919 priscit'
752 2871 843 2919 nempe
865 2857 923 2904 rina
945 2855 975 2901 ad
1004 2864 1143 2904 extremam

618 2941 786 2986 senectutem,
798 2948 854 2994 uum
864 2932 962 2978 cariosa
973 2938 1021 2990 est,
1029 2945 1077 2976 nou
1087 2945 1145 2979 ease

618 3008 789 3055 recondenda.
807 3008 943 3064 Dulecump.

651 3088 680 3129 ld
699 3083 769 3130 Sume
786 3082 881 3142 cyathos
897 3076 1001 3136 centum]
1018 3076 1061 3122 Ob
1078 3077 1145 3124 iuti.

620 3159 679 3205 tiarn
692 3157 723 3203 de
740 3157 812 3202 enrici
831 3153 934 3213 sospitis
955 3151 1145 3213 iucoiumitate,

617 3244 661 3275 eeu
675 3229 706 3274 dc
726 3228 826 3275 Horatii
845 3229 882 3274 tui
901 3227 992 3286 aairrte,
1011 3227 1070 3273 niue
1084 3241 1144 3274 ccu-

619 3309 669 3348 tuur
680 3302 793 3362 cyathos,
807 3301 832 3348 id
843 3309 891 3361 cat,
904 3303 988 3364 plures
1005 3310 1032 3349 ct
1045 3303 1142 3363 plures,

51 3374 171 3421 Meminit
184 3385 210 3423 et
220 3377 284 3423 car.
299 3379 405 3437 liuodig.
418 3391 494 3424 xxvi.
505 3382 544 3423 21.
617 3385 643 3422 et
654 3382 789 3423 totanocte
800 3392 898 3424 mecum
911 3384 1027 3439 perpota.
1047 3378 1143 3424 §mue-

84 3451 112 3494 12
126 3449 223 3494 Consule
235 3449 312 3509 Tullo]
326 3452 461 3496 Consulum
475 3449 575 3496 nomine
617 3465 659 3497 rua
672 3449 758 3498 iiuitua
771 3466 816 3512 pro
828 3451 936 3500 infinito.

48 3525 164 3572 nolebant
176 3528 257 3571 notari
272 3526 337 3576 vina,
352 3534 380 3571 ut
392 3526 451 3571 aiibi
466 3525 575 3585 ariiplius
651 3530 677 3572 ld
700 3526 790 3586 Vigiles
805 3530 910 3576 iacemus
926 3526 1008 3581 Perfer
1021 3526 1044 3570 iu
1056 3527 1141 3590 iucem]

49 3599 111 3646 dixi.
141 3597 208 3643 Vide
228 3611 246 3645 ι,
265 3598 316 3644 Od.
335 3602 373 3646 20.
394 3609 420 3645 et
442 3612 472 3646 rt.
489 3600 538 3647 Od.
551 3605 575 3647 3.
617 3600 755 3648 Prandium
765 3602 1039 3663 ignorabantvetcrcs:
1054 3608 1080 3646 at
1090 3616 1142 3648 era·

49 3674 101 3722 Hic
113 3682 210 3721 certum
230 3687 320 3720 nomen
339 3689 384 3735 pro
402 3673 519 3735 utrolibet
537 3675 573 3719 in·
615 3676 802 3735 namniaxirue,
821 3688 870 3720 nou
889 3672 989 3733 quidem
1002 3682 1030 3718 ut
1043 3688 1088 3720 noe
1107 3677 1140 3723 ud

51 3759 122 3799 certo
134 3750 203 3810 poni,
216 3750 350 3810 vinumque
364 3759 435 3796 vetus
449 3749 573 3795 drurtarat
615 3747 745 3808 candelas,
757 3749 801 3795 sed
813 3748 843 3794 ad
857 3747 961 3808 lychnos
975 3756 1001 3794 et
1012 3749 1142 3809 lucernas,

50 3823 220 3873 couunendari
232 3823 393 3870 crediderim.
418 3823 492 3871 Quod
505 3824 525 3869 ai
539 3823 574 3869 vi·
615 3821 792 3883 producebant
812 3836 890 3882 usque
908 3821 939 3868 mi
954 3824 1036 3870 urcem
1055 3835 1140 3886 puste-

51 3915 109 3947 num
121 3899 180 3946 iilud
190 3898 318 3946 conditum
328 3897 411 3944 iuerat
420 3900 466 3943 rub
477 3898 505 3945 L.
516 3898 574 3944 Voi-
615 3910 677 3951 raur,
690 3896 883 3957 pergraecaudm
904 3897 928 3942 id
941 3905 989 3955 cst,
1002 3899 1052 3945 ritu
1065 3901 1140 3947 Grae-

51 3979 118 4022 eatio
137 3976 219 4032 Tullo,
232 3976 273 4036 qui
292 3974 383 4021 Consul
398 3971 444 4020 fou
463 3988 517 4019 curn
537 3973 573 4018 Μ.
614 3986 700 4019 cortun
713 3975 1040 4035 totauoctecompotuudo.
1054 3976 1137 4023 Plaut.

51 4045 150 4096 AEmiiio
173 4051 277 4111 Lepido,
295 4064 360 4098 anuo
378 4049 446 4098 turbis
463 4048 573 4097 condite
614 4048 880 4098 unumunurm.
909 4051 993 4098 ‘lude
1005 4065 1083 4111 unque
1105 4054 1138 4098 ad
