<?xml version="1.0" encoding="UTF-8"?>
<!DOCTYPE html PUBLIC "-//W3C//DTD XHTML 1.0 Transitional//EN"
    "http://www.w3.org/TR/xhtml1/DTD/xhtml1-transitional.dtd">
<html xmlns="http://www.w3.org/1999/xhtml" xml:lang="en" lang="en">
 <head>
  <title>
</title>
<meta http-equiv="Content-Type" content="text/html;charset=utf-8" />
  <meta name='ocr-system' content='tesseract 3.04.00' />
  <meta name='ocr-capabilities' content='ocr_page ocr_carea ocr_par ocr_line ocrx_word'/>
</head>
<body>
  <div class='ocr_page' id='page_1' title='image "./quintihoratiifl00zeungoog_0393.png"; bbox 0 0 2408 4200; ppageno 0'>
   <div class='ocr_carea' id='block_1_1' title="bbox 412 264 783 324">
    <p class='ocr_par' dir='ltr' id='par_1_1' title="bbox 412 264 783 324">
     <span class='ocr_line' id='line_1_1' title="bbox 412 264 783 324; baseline 0 -10"><span class='ocrx_word' id='word_1_1' title='bbox 412 268 446 324; x_wconf 81' lang='lat' dir='ltr'>Q.</span> <span class='ocrx_word' id='word_1_2' title='bbox 468 264 627 315; x_wconf 73' lang='lat' dir='ltr'>HORATU</span> <span class='ocrx_word' id='word_1_3' title='bbox 652 267 783 316; x_wconf 72' lang='lat' dir='ltr'>nuncu!</span> 
     </span>
    </p>
   </div>
   <div class='ocr_carea' id='block_1_2' title="bbox 226 404 842 992">
    <p class='ocr_par' dir='ltr' id='par_1_2' title="bbox 226 404 842 992">
     <span class='ocr_line' id='line_1_2' title="bbox 228 404 807 490; baseline 0.009 -23"><span class='ocrx_word' id='word_1_4' title='bbox 228 404 358 487; x_wconf 85' lang='lat' dir='ltr'>Regina</span> <span class='ocrx_word' id='word_1_5' title='bbox 370 407 502 489; x_wconf 86' lang='lat' dir='ltr'>longum</span> <span class='ocrx_word' id='word_1_6' title='bbox 518 406 673 490; x_wconf 85' lang='lat' dir='ltr'>Calliope</span> <span class='ocrx_word' id='word_1_7' title='bbox 687 410 807 486; x_wconf 86' lang='lat' dir='ltr'>melos,</span> 
     </span>
     <span class='ocr_line' id='line_1_3' title="bbox 271 507 793 586; baseline 0.006 -17"><span class='ocrx_word' id='word_1_8' title='bbox 271 507 338 569; x_wconf 90' lang='lat' dir='ltr'>Seu</span> <span class='ocrx_word' id='word_1_9' title='bbox 354 526 438 570; x_wconf 89' lang='lat' dir='ltr'>voce</span> <span class='ocrx_word' id='word_1_10' title='bbox 453 527 541 571; x_wconf 91' lang='lat' dir='ltr'>nuno</span> <span class='ocrx_word' id='word_1_11' title='bbox 557 509 665 573; x_wconf 80' lang='lat' dir='ltr'>mavis</span> <span class='ocrx_word' id='word_1_12' title='bbox 679 521 793 586; x_wconf 86' lang='lat' dir='ltr'>acuta,</span> 
     </span>
     <span class='ocr_line' id='line_1_4' title="bbox 311 606 842 674; baseline 0.009 -5"><span class='ocrx_word' id='word_1_13' title='bbox 311 606 378 671; x_wconf 90' lang='lat' dir='ltr'>Seu</span> <span class='ocrx_word' id='word_1_14' title='bbox 393 609 513 673; x_wconf 89' lang='lat' dir='ltr'><strong>fidibus</strong></span> <span class='ocrx_word' id='word_1_15' title='bbox 527 609 696 673; x_wconf 75' lang='lat' dir='ltr'><strong>citharave</strong></span> <span class='ocrx_word' id='word_1_16' title='bbox 712 609 842 674; x_wconf 88' lang='lat' dir='ltr'>Phoebi.</span> 
     </span>
     <span class='ocr_line' id='line_1_5' title="bbox 226 706 789 774; baseline 0.009 -5"><span class='ocrx_word' id='word_1_17' title='bbox 226 706 386 771; x_wconf 83' lang='lat' dir='ltr'>Auditist</span> <span class='ocrx_word' id='word_1_18' title='bbox 410 727 451 771; x_wconf 86' lang='lat' dir='ltr'>an</span> <span class='ocrx_word' id='word_1_19' title='bbox 466 728 520 772; x_wconf 88' lang='lat' dir='ltr'>me</span> <span class='ocrx_word' id='word_1_20' title='bbox 535 709 619 772; x_wconf 89' lang='lat' dir='ltr'>ludit</span> <span class='ocrx_word' id='word_1_21' title='bbox 634 711 789 774; x_wconf 86' lang='lat' dir='ltr'>amabilis</span> 
     </span>
     <span class='ocr_line' id='line_1_6' title="bbox 228 809 797 893; baseline 0.004 -22"><span class='ocrx_word' id='word_1_22' title='bbox 228 809 391 872; x_wconf 87' lang='lat' dir='ltr'>Insanial</span> <span class='ocrx_word' id='word_1_23' title='bbox 415 810 528 873; x_wconf 84' lang='lat' dir='ltr'>audire</span> <span class='ocrx_word' id='word_1_24' title='bbox 543 817 578 874; x_wconf 88' lang='lat' dir='ltr'>et</span> <span class='ocrx_word' id='word_1_25' title='bbox 592 811 709 874; x_wconf 86' lang='lat' dir='ltr'>videor</span> <span class='ocrx_word' id='word_1_26' title='bbox 721 812 797 893; x_wconf 90' lang='lat' dir='ltr'>pios</span> 
     </span>
     <span class='ocr_line' id='line_1_7' title="bbox 271 908 730 992; baseline 0.007 -20"><span class='ocrx_word' id='word_1_27' title='bbox 271 908 388 973; x_wconf 77' lang='lat' dir='ltr'>Errare</span> <span class='ocrx_word' id='word_1_28' title='bbox 400 929 456 992; x_wconf 85' lang='lat' dir='ltr'>per</span> <span class='ocrx_word' id='word_1_29' title='bbox 465 911 575 986; x_wconf 86' lang='lat' dir='ltr'>lucos,</span> <span class='ocrx_word' id='word_1_30' title='bbox 588 929 730 975; x_wconf 87' lang='lat' dir='ltr'>amoenae</span> 
     </span>
    </p>
   </div>
   <div class='ocr_carea' id='block_1_3' title="bbox 315 1009 898 1093">
    <p class='ocr_par' dir='ltr' id='par_1_3' title="bbox 315 1009 898 1093">
     <span class='ocr_line' id='line_1_8' title="bbox 315 1009 898 1093; baseline 0.005 -21"><span class='ocrx_word' id='word_1_31' title='bbox 315 1009 412 1088; x_wconf 86' lang='lat' dir='ltr'>Quos</span> <span class='ocrx_word' id='word_1_32' title='bbox 427 1018 460 1075; x_wconf 91' lang='lat' dir='ltr'>et</span> <span class='ocrx_word' id='word_1_33' title='bbox 474 1030 572 1093; x_wconf 85' lang='lat' dir='ltr'>aquae</span> <span class='ocrx_word' id='word_1_34' title='bbox 591 1013 731 1076; x_wconf 87' lang='lat' dir='ltr'>subeunt</span> <span class='ocrx_word' id='word_1_35' title='bbox 747 1018 781 1075; x_wconf 89' lang='lat' dir='ltr'>et</span> <span class='ocrx_word' id='word_1_36' title='bbox 796 1032 898 1076; x_wconf 84' lang='lat' dir='ltr'>nusae.</span> 
     </span>
    </p>
   </div>
   <div class='ocr_carea' id='block_1_4' title="bbox 52 1177 1152 1304">
    <p class='ocr_par' dir='ltr' id='par_1_4' title="bbox 52 1177 1152 1304">
     <span class='ocr_line' id='line_1_9' title="bbox 55 1177 1148 1240; baseline -0.001 -13"><span class='ocrx_word' id='word_1_37' title='bbox 55 1179 132 1240; x_wconf 81' lang='lat' dir='ltr'>placet</span> <span class='ocrx_word' id='word_1_38' title='bbox 143 1179 227 1239; x_wconf 66' lang='lat' dir='ltr'>magia</span> <span class='ocrx_word' id='word_1_39' title='bbox 239 1192 291 1226; x_wconf 85' lang='lat' dir='ltr'>uoce</span> <span class='ocrx_word' id='word_1_40' title='bbox 301 1178 374 1235; x_wconf 83' lang='lat' dir='ltr'>clara,</span> <span class='ocrx_word' id='word_1_41' title='bbox 385 1179 422 1226; x_wconf 77' lang='lat' dir='ltr'>vel</span> <span class='ocrx_word' id='word_1_42' title='bbox 432 1177 533 1239; x_wconf 66' lang='lat' dir='ltr'>chordis,</span> <span class='ocrx_word' id='word_1_43' title='bbox 542 1182 584 1226; x_wconf 79' lang='lat' dir='ltr'>cat</span> <span class='ocrx_word' id='word_1_44' title='bbox 594 1179 647 1240; x_wconf 78' lang='lat' dir='ltr'>lyra</span> <span class='ocrx_word' id='word_1_45' title='bbox 658 1178 781 1240; x_wconf 74' lang='lat' dir='ltr'>Apollinis.</span> <span class='ocrx_word' id='word_1_46' title='bbox 799 1179 839 1228; x_wconf 75' lang='grc' dir='ltr'>Διι</span> <span class='ocrx_word' id='word_1_47' title='bbox 850 1178 953 1227; x_wconf 79' lang='lat' dir='ltr'>cuditis?</span> <span class='ocrx_word' id='word_1_48' title='bbox 968 1179 1007 1228; x_wconf 74' lang='lat' dir='ltr'>Aa</span> <span class='ocrx_word' id='word_1_49' title='bbox 1019 1192 1054 1226; x_wconf 82' lang='lat' dir='ltr'>me</span> <span class='ocrx_word' id='word_1_50' title='bbox 1062 1178 1148 1240; x_wconf 77' lang='lat' dir='ltr'>decipit</span> 
     </span>
     <span class='ocr_line' id='line_1_10' title="bbox 52 1242 1152 1304; baseline 0 -14"><span class='ocrx_word' id='word_1_51' title='bbox 52 1244 171 1299; x_wconf 75' lang='lat' dir='ltr'>jucundas</span> <span class='ocrx_word' id='word_1_52' title='bbox 183 1243 270 1302; x_wconf 75' lang='lat' dir='ltr'>furor?</span> <span class='ocrx_word' id='word_1_53' title='bbox 292 1243 379 1292; x_wconf 86' lang='lat' dir='ltr'>Videor</span> <span class='ocrx_word' id='word_1_54' title='bbox 396 1244 488 1304; x_wconf 76' lang='lat' dir='ltr'>audire,</span> <span class='ocrx_word' id='word_1_55' title='bbox 503 1248 526 1291; x_wconf 86' lang='lat' dir='ltr'>et</span> <span class='ocrx_word' id='word_1_56' title='bbox 546 1256 639 1290; x_wconf 75' lang='lat' dir='ltr'>uram</span> <span class='ocrx_word' id='word_1_57' title='bbox 648 1243 715 1291; x_wconf 80' lang='lat' dir='ltr'>illurn</span> <span class='ocrx_word' id='word_1_58' title='bbox 725 1243 879 1293; x_wconf 57' lang='lat' dir='ltr'>emanent</span> <span class='ocrx_word' id='word_1_59' title='bbox 890 1245 915 1291; x_wconf 76' lang='lat' dir='ltr'>ia</span> <span class='ocrx_word' id='word_1_60' title='bbox 927 1244 1000 1291; x_wconf 68' lang='lat' dir='ltr'>sacru</span> <span class='ocrx_word' id='word_1_61' title='bbox 1010 1242 1152 1304; x_wconf 78' lang='lat' dir='ltr'>aeracribsr,</span> 
     </span>
    </p>
   </div>
   <div class='ocr_carea' id='block_1_5' title="bbox 513 1368 694 1390">
    <p class='ocr_par' dir='ltr' id='par_1_5' title="bbox 513 1368 694 1390">
     <span class='ocr_line' id='line_1_11' title="bbox 513 1368 694 1390; baseline 0.006 -2"><span class='ocrx_word' id='word_1_62' title='bbox 513 1368 694 1390; x_wconf 60' lang='lat' dir='ltr'>emanent</span> 
     </span>
    </p>
   </div>
   <div class='ocr_carea' id='block_1_6' title="bbox 58 1463 1151 1719">
    <p class='ocr_par' dir='ltr' id='par_1_6' title="bbox 58 1463 1151 1719">
     <span class='ocr_line' id='line_1_12' title="bbox 58 1463 1149 1531; baseline -0.006 -13"><span class='ocrx_word' id='word_1_63' title='bbox 58 1468 147 1518; x_wconf 77' lang='lat' dir='ltr'>dones.</span> <span class='ocrx_word' id='word_1_64' title='bbox 158 1469 224 1516; x_wconf 83' lang='lat' dir='ltr'>Sivr.</span> <span class='ocrx_word' id='word_1_65' title='bbox 234 1467 304 1522; x_wconf 80' lang='lat' dir='ltr'>dani,</span> <span class='ocrx_word' id='word_1_66' title='bbox 314 1475 340 1515; x_wconf 88' lang='lat' dir='ltr'>et</span> <span class='ocrx_word' id='word_1_67' title='bbox 351 1469 505 1529; x_wconf 80' lang='lat' dir='ltr'>Biponr.-t</span> <span class='ocrx_word' id='word_1_68' title='bbox 517 1469 604 1518; x_wconf 78' lang='lat' dir='ltr'>Grau.</span> <span class='ocrx_word' id='word_1_69' title='bbox 616 1469 728 1517; x_wconf 79' lang='lat' dir='ltr'>Bentleii</span> <span class='ocrx_word' id='word_1_70' title='bbox 739 1484 754 1517; x_wconf 85' lang='lat' dir='ltr'>a</span> <span class='ocrx_word' id='word_1_71' title='bbox 764 1484 798 1517; x_wconf 80' lang='lat' dir='ltr'>na.</span> <span class='ocrx_word' id='word_1_72' title='bbox 811 1484 850 1531; x_wconf 91' lang='lat' dir='ltr'>pr.</span> <span class='ocrx_word' id='word_1_73' title='bbox 859 1469 1001 1531; x_wconf 68' lang='lat' dir='ltr'>citharaque,</span> <span class='ocrx_word' id='word_1_74' title='bbox 1010 1472 1036 1514; x_wconf 95' lang='lat' dir='ltr'>et</span> <span class='ocrx_word' id='word_1_75' title='bbox 1048 1464 1094 1522; x_wconf 87' lang='lat' dir='ltr'>sie,</span> <span class='ocrx_word' id='word_1_76' title='bbox 1105 1463 1149 1511; x_wconf 89' lang='lat' dir='ltr'>illo</span> 
     </span>
     <span class='ocr_line' id='line_1_13' title="bbox 59 1527 1147 1592; baseline -0.004 -14"><span class='ocrx_word' id='word_1_77' title='bbox 59 1532 196 1592; x_wconf 77' lang='lat' dir='ltr'><strong>probante,</strong></span> <span class='ocrx_word' id='word_1_78' title='bbox 209 1530 344 1577; x_wconf 85' lang='lat' dir='ltr'>ediderunt</span> <span class='ocrx_word' id='word_1_79' title='bbox 357 1531 467 1590; x_wconf 76' lang='lat' dir='ltr'>Carniug.</span> <span class='ocrx_word' id='word_1_80' title='bbox 479 1531 572 1577; x_wconf 83' lang='lat' dir='ltr'>Sanad.</span> <span class='ocrx_word' id='word_1_81' title='bbox 586 1532 653 1579; x_wconf 84' lang='lat' dir='ltr'>Sirr.</span> <span class='ocrx_word' id='word_1_82' title='bbox 668 1533 739 1590; x_wconf 82' lang='lat' dir='ltr'>Jani,</span> <span class='ocrx_word' id='word_1_83' title='bbox 751 1533 858 1592; x_wconf 85' lang='lat' dir='ltr'>Bipont.</span> <span class='ocrx_word' id='word_1_84' title='bbox 874 1534 978 1581; x_wconf 85' lang='lat' dir='ltr'>Mitscb.</span> <span class='ocrx_word' id='word_1_85' title='bbox 996 1538 1022 1578; x_wconf 91' lang='lat' dir='ltr'>et</span> <span class='ocrx_word' id='word_1_86' title='bbox 1038 1527 1147 1577; x_wconf 70' lang='lat' dir='ltr'>nidd.-</span> 
     </span>
     <span class='ocr_line' id='line_1_14' title="bbox 58 1590 1151 1654; baseline -0.001 -15"><span class='ocrx_word' id='word_1_87' title='bbox 58 1600 73 1639; x_wconf 80' lang='lat'><strong>6</strong></span> <span class='ocrx_word' id='word_1_88' title='bbox 90 1594 201 1643; x_wconf 73' lang='lat' dir='ltr'>Audistis</span> <span class='ocrx_word' id='word_1_89' title='bbox 213 1592 282 1650; x_wconf 85' lang='lat' dir='ltr'>Lips.</span> <span class='ocrx_word' id='word_1_90' title='bbox 294 1597 316 1637; x_wconf 90' lang='lat' dir='ltr'>l.</span> <span class='ocrx_word' id='word_1_91' title='bbox 328 1606 342 1637; x_wconf 89' lang='lat' dir='ltr'>a</span> <span class='ocrx_word' id='word_1_92' title='bbox 352 1605 385 1638; x_wconf 87' lang='lat' dir='ltr'>m.</span> <span class='ocrx_word' id='word_1_93' title='bbox 399 1597 488 1652; x_wconf 77' lang='lat' dir='ltr'>pr.-t5</span> <span class='ocrx_word' id='word_1_94' title='bbox 499 1592 589 1639; x_wconf 85' lang='lat' dir='ltr'>Bartb.</span> <span class='ocrx_word' id='word_1_95' title='bbox 601 1593 712 1640; x_wconf 80' lang='lat' dir='ltr'>Advers.</span> <span class='ocrx_word' id='word_1_96' title='bbox 724 1607 826 1641; x_wconf 79' lang='lat' dir='ltr'>xxxix.</span> <span class='ocrx_word' id='word_1_97' title='bbox 838 1600 862 1641; x_wconf 83' lang='grc'>9.</span> <span class='ocrx_word' id='word_1_98' title='bbox 875 1596 974 1643; x_wconf 88' lang='lat' dir='ltr'>emend.</span> <span class='ocrx_word' id='word_1_99' title='bbox 991 1593 1079 1654; x_wconf 82' lang='lat' dir='ltr'>audiri,</span> <span class='ocrx_word' id='word_1_100' title='bbox 1090 1590 1151 1654; x_wconf 75' lang='lat' dir='ltr'>qnia</span> 
     </span>
     <span class='ocr_line' id='line_1_15' title="bbox 60 1652 1151 1719; baseline 0 -17"><span class='ocrx_word' id='word_1_101' title='bbox 60 1656 141 1703; x_wconf 80' lang='lat' dir='ltr'>audiri</span> <span class='ocrx_word' id='word_1_102' title='bbox 153 1669 181 1701; x_wconf 91' lang='lat' dir='ltr'>se</span> <span class='ocrx_word' id='word_1_103' title='bbox 198 1653 269 1714; x_wconf 86' lang='lat' dir='ltr'>velit,</span> <span class='ocrx_word' id='word_1_104' title='bbox 281 1653 363 1700; x_wconf 81' lang='lat' dir='ltr'>ntusae</span> <span class='ocrx_word' id='word_1_105' title='bbox 373 1654 558 1701; x_wconf 69' lang='lat' dir='ltr'>succinentem.</span> <span class='ocrx_word' id='word_1_106' title='bbox 573 1655 667 1715; x_wconf 77' lang='lat' dir='ltr'>piorem</span> <span class='ocrx_word' id='word_1_107' title='bbox 678 1655 747 1716; x_wconf 89' lang='lat' dir='ltr'>conj.</span> <span class='ocrx_word' id='word_1_108' title='bbox 758 1657 797 1702; x_wconf 83' lang='lat' dir='ltr'>vir</span> <span class='ocrx_word' id='word_1_109' title='bbox 808 1657 898 1705; x_wconf 90' lang='lat' dir='ltr'>doctus</span> <span class='ocrx_word' id='word_1_110' title='bbox 917 1673 959 1719; x_wconf 87' lang='lat' dir='ltr'>ap.</span> <span class='ocrx_word' id='word_1_111' title='bbox 980 1657 1066 1704; x_wconf 87' lang='lat' dir='ltr'>Bentl.</span> <span class='ocrx_word' id='word_1_112' title='bbox 1081 1652 1151 1719; x_wconf 90' lang='lat' dir='ltr'>quod</span> 
     </span>
    </p>
   </div>
   <div class='ocr_carea' id='block_1_7' title="bbox 549 1780 656 1831">
    <p class='ocr_par' dir='ltr' id='par_1_7' title="bbox 549 1780 656 1831">
     <span class='ocr_line' id='line_1_16' title="bbox 549 1780 656 1831; baseline 0 -1"><span class='ocrx_word' id='word_1_113' title='bbox 549 1780 656 1831; x_wconf 81' lang='lat' dir='ltr'>NOTAE</span> 
     </span>
    </p>
   </div>
   <div class='ocr_carea' id='block_1_8' title="bbox 55 1877 590 3593">
    <p class='ocr_par' dir='ltr' id='par_1_8' title="bbox 59 1877 586 2153">
     <span class='ocr_line' id='line_1_17' title="bbox 59 1877 585 1942; baseline -0.004 -14"><span class='ocrx_word' id='word_1_114' title='bbox 59 1885 108 1928; x_wconf 68' lang='lat' dir='ltr'>ran</span> <span class='ocrx_word' id='word_1_115' title='bbox 137 1878 206 1926; x_wconf 87' lang='lat' dir='ltr'>Hinc</span> <span class='ocrx_word' id='word_1_116' title='bbox 218 1878 274 1942; x_wconf 89' lang='lat' dir='ltr'>ejus</span> <span class='ocrx_word' id='word_1_117' title='bbox 293 1878 422 1941; x_wconf 83' lang='lat' dir='ltr'>Principis</span> <span class='ocrx_word' id='word_1_118' title='bbox 433 1877 585 1926; x_wconf 83' lang='lat' dir='ltr'>moderatio·</span> 
     </span>
     <span class='ocr_line' id='line_1_18' title="bbox 59 1954 583 2016; baseline -0.004 -14"><span class='ocrx_word' id='word_1_119' title='bbox 59 1969 117 2002; x_wconf 84' lang='lat' dir='ltr'>nem</span> <span class='ocrx_word' id='word_1_120' title='bbox 128 1962 155 2001; x_wconf 90' lang='lat' dir='ltr'>et</span> <span class='ocrx_word' id='word_1_121' title='bbox 167 1954 327 2002; x_wconf 87' lang='lat' dir='ltr'>clementiam</span> <span class='ocrx_word' id='word_1_122' title='bbox 347 1955 449 2002; x_wconf 78' lang='lat' dir='ltr'>extollit</span> <span class='ocrx_word' id='word_1_123' title='bbox 463 1955 583 2016; x_wconf 76' lang='lat' dir='ltr'>egregie:</span> 
     </span>
     <span class='ocr_line' id='line_1_19' title="bbox 59 2029 586 2093; baseline 0.002 -16"><span class='ocrx_word' id='word_1_124' title='bbox 59 2044 141 2091; x_wconf 88' lang='lat' dir='ltr'>eoque</span> <span class='ocrx_word' id='word_1_125' title='bbox 161 2029 286 2076; x_wconf 79' lang='lat' dir='ltr'>duntaxat</span> <span class='ocrx_word' id='word_1_126' title='bbox 306 2038 448 2093; x_wconf 86' lang='lat' dir='ltr'>spectasse,</span> <span class='ocrx_word' id='word_1_127' title='bbox 467 2044 517 2078; x_wconf 89' lang='lat' dir='ltr'>non</span> <span class='ocrx_word' id='word_1_128' title='bbox 539 2030 586 2078; x_wconf 88' lang='lat' dir='ltr'>irn-</span> 
     </span>
     <span class='ocr_line' id='line_1_20' title="bbox 59 2104 292 2153; baseline 0.004 -1"><span class='ocrx_word' id='word_1_129' title='bbox 59 2104 152 2152; x_wconf 77' lang='lat' dir='ltr'>merito</span> <span class='ocrx_word' id='word_1_130' title='bbox 165 2104 292 2153; x_wconf 82' lang='lat' dir='ltr'>videatur.</span> 
     </span>
    </p>

    <p class='ocr_par' dir='ltr' id='par_1_9' title="bbox 59 2177 587 2393">
     <span class='ocr_line' id='line_1_21' title="bbox 92 2177 585 2242; baseline 0.002 -17"><span class='ocrx_word' id='word_1_131' title='bbox 92 2182 103 2225; x_wconf 93' lang='lat' dir='ltr'>l</span> <span class='ocrx_word' id='word_1_132' title='bbox 125 2177 245 2228; x_wconf 73' lang='lat' dir='ltr'>Descende</span> <span class='ocrx_word' id='word_1_133' title='bbox 259 2179 326 2242; x_wconf 85' lang='lat' dir='ltr'>eoelo]</span> <span class='ocrx_word' id='word_1_134' title='bbox 344 2180 437 2229; x_wconf 83' lang='lat' dir='ltr'>Gravis</span> <span class='ocrx_word' id='word_1_135' title='bbox 455 2187 483 2229; x_wconf 92' lang='lat' dir='ltr'>et</span> <span class='ocrx_word' id='word_1_136' title='bbox 503 2179 585 2229; x_wconf 87' lang='lat' dir='ltr'>solen·</span> 
     </span>
     <span class='ocr_line' id='line_1_22' title="bbox 60 2254 587 2318; baseline 0.004 -17"><span class='ocrx_word' id='word_1_137' title='bbox 60 2255 100 2303; x_wconf 89' lang='lat' dir='ltr'>nis</span> <span class='ocrx_word' id='word_1_138' title='bbox 120 2254 304 2303; x_wconf 77' lang='lat' dir='ltr'>invocationes</span> <span class='ocrx_word' id='word_1_139' title='bbox 321 2271 412 2318; x_wconf 78' lang='lat' dir='ltr'>graves</span> <span class='ocrx_word' id='word_1_140' title='bbox 425 2263 509 2314; x_wconf 85' lang='lat' dir='ltr'>notat,</span> <span class='ocrx_word' id='word_1_141' title='bbox 530 2269 587 2318; x_wconf 76' lang='lat' dir='ltr'>gra·</span> 
     </span>
     <span class='ocr_line' id='line_1_23' title="bbox 59 2330 521 2393; baseline 0.004 -17"><span class='ocrx_word' id='word_1_142' title='bbox 59 2343 168 2392; x_wconf 78' lang='lat' dir='ltr'>venique</span> <span class='ocrx_word' id='word_1_143' title='bbox 180 2330 381 2378; x_wconf 83' lang='lat' dir='ltr'>entbtrsiasrnnm</span> <span class='ocrx_word' id='word_1_144' title='bbox 393 2330 521 2393; x_wconf 77' lang='lat' dir='ltr'>praesagit.</span> 
     </span>
    </p>

    <p class='ocr_par' dir='ltr' id='par_1_10' title="bbox 55 2404 587 3223">
     <span class='ocr_line' id='line_1_24' title="bbox 95 2404 587 2467; baseline -0.002 -15"><span class='ocrx_word' id='word_1_145' title='bbox 95 2405 169 2467; x_wconf 84' lang='lat' dir='ltr'>Coelo]</span> <span class='ocrx_word' id='word_1_146' title='bbox 187 2406 244 2454; x_wconf 88' lang='lat' dir='ltr'>Illic</span> <span class='ocrx_word' id='word_1_147' title='bbox 257 2406 335 2454; x_wconf 80' lang='lat' dir='ltr'>etiarn</span> <span class='ocrx_word' id='word_1_148' title='bbox 353 2407 435 2454; x_wconf 87' lang='lat' dir='ltr'>Musis</span> <span class='ocrx_word' id='word_1_149' title='bbox 452 2404 587 2454; x_wconf 74' lang='lat' dir='ltr'>succedes</span> 
     </span>
     <span class='ocr_line' id='line_1_25' title="bbox 60 2481 587 2544; baseline -0.004 -15"><span class='ocrx_word' id='word_1_150' title='bbox 60 2489 109 2529; x_wconf 86' lang='lat' dir='ltr'>est.</span> <span class='ocrx_word' id='word_1_151' title='bbox 138 2482 245 2530; x_wconf 89' lang='lat' dir='ltr'>Hesiod.</span> <span class='ocrx_word' id='word_1_152' title='bbox 263 2481 319 2529; x_wconf 87' lang='lat' dir='ltr'>init.</span> <span class='ocrx_word' id='word_1_153' title='bbox 337 2483 466 2544; x_wconf 81' lang='lat' dir='ltr'>Theogon.</span> <span class='ocrx_word' id='word_1_154' title='bbox 482 2494 531 2528; x_wconf 91' lang='lat' dir='ltr'>nec</span> <span class='ocrx_word' id='word_1_155' title='bbox 548 2494 587 2527; x_wconf 89' lang='lat' dir='ltr'>se·</span> 
     </span>
     <span class='ocr_line' id='line_1_26' title="bbox 59 2554 586 2617; baseline -0.002 -14"><span class='ocrx_word' id='word_1_156' title='bbox 59 2557 119 2616; x_wconf 86' lang='lat' dir='ltr'>mel,</span> <span class='ocrx_word' id='word_1_157' title='bbox 136 2557 223 2604; x_wconf 87' lang='lat' dir='ltr'>Musas</span> <span class='ocrx_word' id='word_1_158' title='bbox 244 2565 376 2617; x_wconf 89' lang='lat' dir='ltr'>nuncupat</span> <span class='ocrx_word' id='word_1_159' title='bbox 397 2554 586 2617; x_wconf 83' lang='lat' dir='ltr'>‘Olympiades</span> 
     </span>
     <span class='ocr_line' id='line_1_27' title="bbox 59 2629 584 2680; baseline -0.006 -1"><span class='ocrx_word' id='word_1_160' title='bbox 59 2631 133 2680; x_wconf 73' lang='lat' dir='ltr'>lovis</span> <span class='ocrx_word' id='word_1_161' title='bbox 162 2629 256 2678; x_wconf 84' lang='lat' dir='ltr'>filias:&#39;</span> <span class='ocrx_word' id='word_1_162' title='bbox 288 2631 391 2678; x_wconf 77' lang='lat' dir='ltr'>Pariter</span> <span class='ocrx_word' id='word_1_163' title='bbox 421 2637 448 2678; x_wconf 88' lang='lat' dir='ltr'>et</span> <span class='ocrx_word' id='word_1_164' title='bbox 477 2629 584 2678; x_wconf 83' lang='lat' dir='ltr'>Homer.</span> 
     </span>
     <span class='ocr_line' id='line_1_28' title="bbox 61 2705 586 2767; baseline 0.004 -15"><span class='ocrx_word' id='word_1_165' title='bbox 61 2705 158 2767; x_wconf 77' lang='lat' dir='ltr'>Hymn.</span> <span class='ocrx_word' id='word_1_166' title='bbox 182 2706 207 2753; x_wconf 93' lang='lat' dir='ltr'>in</span> <span class='ocrx_word' id='word_1_167' title='bbox 223 2707 338 2754; x_wconf 87' lang='lat' dir='ltr'>Mereur.</span> <span class='ocrx_word' id='word_1_168' title='bbox 358 2709 406 2753; x_wconf 73' lang='lat' dir='ltr'>dcc.</span> <span class='ocrx_word' id='word_1_169' title='bbox 433 2705 508 2755; x_wconf 84' lang='lat' dir='ltr'>Iliad.</span> <span class='ocrx_word' id='word_1_170' title='bbox 526 2719 586 2754; x_wconf 84' lang='lat' dir='ltr'>reso</span> 
     </span>
     <span class='ocr_line' id='line_1_29' title="bbox 60 2780 585 2830; baseline 0.004 -2"><span class='ocrx_word' id='word_1_171' title='bbox 60 2787 86 2828; x_wconf 78' lang='lat' dir='ltr'>B.</span> <span class='ocrx_word' id='word_1_172' title='bbox 114 2781 138 2828; x_wconf 93' lang='lat' dir='ltr'>in</span> <span class='ocrx_word' id='word_1_173' title='bbox 165 2782 230 2829; x_wconf 81' lang='lat' dir='ltr'>coeto</span> <span class='ocrx_word' id='word_1_174' title='bbox 252 2781 340 2829; x_wconf 83' lang='lat' dir='ltr'>dotans</span> <span class='ocrx_word' id='word_1_175' title='bbox 363 2782 456 2829; x_wconf 75' lang='lat' dir='ltr'>trabere</span> <span class='ocrx_word' id='word_1_176' title='bbox 479 2780 585 2830; x_wconf 78' lang='lat' dir='ltr'>scribit:</span> 
     </span>
     <span class='ocr_line' id='line_1_30' title="bbox 55 2857 586 2918; baseline 0 -12"><span class='ocrx_word' id='word_1_177' title='bbox 55 2859 160 2906; x_wconf 73' lang='grc' dir='ltr'><strong>Ἐσπετε</strong></span> <span class='ocrx_word' id='word_1_178' title='bbox 171 2861 211 2907; x_wconf 84' lang='grc' dir='ltr'>νῦν</span> <span class='ocrx_word' id='word_1_179' title='bbox 220 2877 259 2917; x_wconf 82' lang='grc' dir='ltr'>μοι</span> <span class='ocrx_word' id='word_1_180' title='bbox 269 2860 359 2907; x_wconf 77' lang='grc' dir='ltr'><strong>Μοῦσαι</strong></span> <span class='ocrx_word' id='word_1_181' title='bbox 372 2857 491 2918; x_wconf 75' lang='grc' dir='ltr'>Ὀλύμπια</span> <span class='ocrx_word' id='word_1_182' title='bbox 502 2859 586 2918; x_wconf 68' lang='lat' dir='ltr'>Mnar&#39;</span> 
     </span>
     <span class='ocr_line' id='line_1_31' title="bbox 61 2935 586 2996; baseline 0 -13"><span class='ocrx_word' id='word_1_183' title='bbox 61 2935 168 2995; x_wconf 64' lang='grc' dir='ltr'>ἔχουσαι.</span> <span class='ocrx_word' id='word_1_184' title='bbox 199 2936 295 2983; x_wconf 89' lang='lat' dir='ltr'>Ennius</span> <span class='ocrx_word' id='word_1_185' title='bbox 316 2936 448 2985; x_wconf 83' lang='lat' dir='ltr'>similiter:</span> <span class='ocrx_word' id='word_1_186' title='bbox 475 2936 586 2996; x_wconf 61' lang='lat' dir='ltr'>‘Mum</span> 
     </span>
     <span class='ocr_line' id='line_1_32' title="bbox 61 3011 587 3074; baseline 0.002 -16"><span class='ocrx_word' id='word_1_187' title='bbox 61 3027 118 3074; x_wconf 79' lang='lat' dir='ltr'>qnae</span> <span class='ocrx_word' id='word_1_188' title='bbox 133 3012 242 3074; x_wconf 90' lang='lat' dir='ltr'>pedibus</span> <span class='ocrx_word' id='word_1_189' title='bbox 251 3027 368 3072; x_wconf 81' lang='lat' dir='ltr'>magnum</span> <span class='ocrx_word' id='word_1_190' title='bbox 380 3012 486 3074; x_wconf 89' lang='lat' dir='ltr'>pulsatis</span> <span class='ocrx_word' id='word_1_191' title='bbox 497 3011 587 3073; x_wconf 86' lang='lat' dir='ltr'>Olym-</span> 
     </span>
     <span class='ocr_line' id='line_1_33' title="bbox 61 3085 587 3148; baseline 0.002 -15"><span class='ocrx_word' id='word_1_192' title='bbox 61 3087 140 3148; x_wconf 65' lang='lat' dir='ltr'>pum!</span> <span class='ocrx_word' id='word_1_193' title='bbox 173 3086 239 3134; x_wconf 83' lang='lat' dir='ltr'>Vide</span> <span class='ocrx_word' id='word_1_194' title='bbox 261 3094 288 3135; x_wconf 88' lang='lat' dir='ltr'>et</span> <span class='ocrx_word' id='word_1_195' title='bbox 315 3085 434 3134; x_wconf 82' lang='lat' dir='ltr'>illacrob.</span> <span class='ocrx_word' id='word_1_196' title='bbox 457 3086 481 3134; x_wconf 90' lang='lat' dir='ltr'>in</span> <span class='ocrx_word' id='word_1_197' title='bbox 499 3086 587 3134; x_wconf 88' lang='lat' dir='ltr'>Somn.</span> 
     </span>
     <span class='ocr_line' id='line_1_34' title="bbox 62 3162 213 3223; baseline 0.013 -16"><span class='ocrx_word' id='word_1_198' title='bbox 62 3162 133 3223; x_wconf 90' lang='lat' dir='ltr'>Scip.</span> <span class='ocrx_word' id='word_1_199' title='bbox 148 3175 177 3209; x_wconf 85' lang='lat'>11.</span> <span class='ocrx_word' id='word_1_200' title='bbox 190 3167 213 3209; x_wconf 80' lang='grc'>3.</span> 
     </span>
    </p>

    <p class='ocr_par' dir='ltr' id='par_1_11' title="bbox 62 3238 590 3593">
     <span class='ocr_line' id='line_1_35' title="bbox 93 3238 587 3301; baseline 0.008 -19"><span class='ocrx_word' id='word_1_201' title='bbox 93 3241 109 3282; x_wconf 73' lang='grc'><strong>2</strong></span> <span class='ocrx_word' id='word_1_202' title='bbox 127 3238 220 3295; x_wconf 77' lang='lat' dir='ltr'>Regina</span> <span class='ocrx_word' id='word_1_203' title='bbox 234 3239 351 3300; x_wconf 80' lang='lat' dir='ltr'>Calliope]</span> <span class='ocrx_word' id='word_1_204' title='bbox 369 3240 502 3286; x_wconf 83' lang='lat' dir='ltr'>Musarum</span> <span class='ocrx_word' id='word_1_205' title='bbox 519 3239 587 3301; x_wconf 89' lang='lat' dir='ltr'>prin·</span> 
     </span>
     <span class='ocr_line' id='line_1_36' title="bbox 62 3312 588 3373; baseline 0.013 -19"><span class='ocrx_word' id='word_1_206' title='bbox 62 3322 135 3368; x_wconf 83' lang='lat' dir='ltr'>caps,</span> <span class='ocrx_word' id='word_1_207' title='bbox 153 3312 192 3356; x_wconf 83' lang='lat' dir='ltr'>rel</span> <span class='ocrx_word' id='word_1_208' title='bbox 211 3319 286 3358; x_wconf 84' lang='lat' dir='ltr'>cantu</span> <span class='ocrx_word' id='word_1_209' title='bbox 305 3313 359 3359; x_wconf 80' lang='lat' dir='ltr'>aliis</span> <span class='ocrx_word' id='word_1_210' title='bbox 378 3322 518 3373; x_wconf 74' lang='lat' dir='ltr'>praestans:</span> <span class='ocrx_word' id='word_1_211' title='bbox 539 3313 588 3361; x_wconf 87' lang='lat' dir='ltr'>Re-</span> 
     </span>
     <span class='ocr_line' id='line_1_37' title="bbox 63 3385 587 3447; baseline 0.01 -19"><span class='ocrx_word' id='word_1_212' title='bbox 63 3397 121 3442; x_wconf 76' lang='lat' dir='ltr'>guru</span> <span class='ocrx_word' id='word_1_213' title='bbox 134 3385 211 3429; x_wconf 86' lang='lat' dir='ltr'>etiarn</span> <span class='ocrx_word' id='word_1_214' title='bbox 225 3399 319 3432; x_wconf 84' lang='lat' dir='ltr'>comes.</span> <span class='ocrx_word' id='word_1_215' title='bbox 338 3387 444 3433; x_wconf 86' lang='lat' dir='ltr'>Hesiod.</span> <span class='ocrx_word' id='word_1_216' title='bbox 456 3389 587 3447; x_wconf 85' lang='lat' dir='ltr'>Theogon.</span> 
     </span>
     <span class='ocr_line' id='line_1_38' title="bbox 63 3456 590 3518; baseline 0.006 -16"><span class='ocrx_word' id='word_1_217' title='bbox 63 3456 240 3518; x_wconf 78' lang='grc' dir='ltr'>προφερεστάτη</span> <span class='ocrx_word' id='word_1_218' title='bbox 254 3457 371 3517; x_wconf 79' lang='grc' dir='ltr'>ἁπασέων,</span> <span class='ocrx_word' id='word_1_219' title='bbox 386 3461 497 3506; x_wconf 81' lang='lat' dir='ltr'>Omnium</span> <span class='ocrx_word' id='word_1_220' title='bbox 515 3463 590 3508; x_wconf 79' lang='lat' dir='ltr'>excel-</span> 
     </span>
     <span class='ocr_line' id='line_1_39' title="bbox 65 3531 590 3593; baseline 0.006 -14"><span class='ocrx_word' id='word_1_221' title='bbox 65 3533 203 3580; x_wconf 77' lang='lat' dir='ltr'>lentissimo.</span> <span class='ocrx_word' id='word_1_222' title='bbox 225 3533 363 3585; x_wconf 78' lang='grc' dir='ltr'>βασιλεῦσιν</span> <span class='ocrx_word' id='word_1_223' title='bbox 385 3531 473 3588; x_wconf 79' lang='grc' dir='ltr'>ὀπηδεῖ.</span> <span class='ocrx_word' id='word_1_224' title='bbox 513 3535 590 3593; x_wconf 80' lang='lat' dir='ltr'>Reges</span> 
     </span>
    </p>
   </div>
   <div class='ocr_carea' id='block_1_9' title="bbox 624 1875 1156 3074">
    <p class='ocr_par' dir='ltr' id='par_1_12' title="bbox 624 1875 1103 1940">
     <span class='ocr_line' id='line_1_40' title="bbox 624 1875 1103 1940; baseline -0.01 -15"><span class='ocrx_word' id='word_1_225' title='bbox 624 1876 814 1940; x_wconf 78' lang='lat' dir='ltr'>elongioribus.</span> <span class='ocrx_word' id='word_1_226' title='bbox 832 1875 899 1924; x_wconf 85' lang='lat' dir='ltr'>Vide</span> <span class='ocrx_word' id='word_1_227' title='bbox 912 1875 979 1924; x_wconf 90' lang='lat' dir='ltr'>Gell.</span> <span class='ocrx_word' id='word_1_228' title='bbox 993 1887 1049 1922; x_wconf 79' lang='lat' dir='ltr'>xva.</span> <span class='ocrx_word' id='word_1_229' title='bbox 1064 1879 1103 1922; x_wconf 85' lang='lat'>18.</span> 
     </span>
    </p>

    <p class='ocr_par' dir='ltr' id='par_1_13' title="bbox 625 1950 1155 2241">
     <span class='ocr_line' id='line_1_41' title="bbox 656 1950 1152 2013; baseline -0.006 -12"><span class='ocrx_word' id='word_1_230' title='bbox 656 1957 671 2001; x_wconf 77' lang='lat'><strong>8</strong></span> <span class='ocrx_word' id='word_1_231' title='bbox 689 1953 738 2001; x_wconf 75' lang='lat' dir='ltr'>See</span> <span class='ocrx_word' id='word_1_232' title='bbox 755 1967 818 2013; x_wconf 83' lang='lat' dir='ltr'>ecce,</span> <span class='ocrx_word' id='word_1_233' title='bbox 838 1952 887 2000; x_wconf 78' lang='lat' dir='ltr'>Sea</span> <span class='ocrx_word' id='word_1_234' title='bbox 898 1951 999 2013; x_wconf 76' lang='lat' dir='ltr'>fidibus,</span> <span class='ocrx_word' id='word_1_235' title='bbox 1016 1950 1068 2012; x_wconf 64' lang='lat' dir='ltr'>ie]</span> <span class='ocrx_word' id='word_1_236' title='bbox 1090 1950 1152 1998; x_wconf 84' lang='lat' dir='ltr'>istis</span> 
     </span>
     <span class='ocr_line' id='line_1_42' title="bbox 625 2025 1155 2090; baseline -0.008 -13"><span class='ocrx_word' id='word_1_237' title='bbox 625 2043 718 2090; x_wconf 85' lang='lat' dir='ltr'>nempe</span> <span class='ocrx_word' id='word_1_238' title='bbox 731 2036 832 2077; x_wconf 85' lang='lat' dir='ltr'>constat</span> <span class='ocrx_word' id='word_1_239' title='bbox 843 2033 1028 2089; x_wconf 83' lang='lat' dir='ltr'>exerceturque</span> <span class='ocrx_word' id='word_1_240' title='bbox 1039 2025 1155 2085; x_wconf 77' lang='lat' dir='ltr'>Musica,</span> 
     </span>
     <span class='ocr_line' id='line_1_43' title="bbox 626 2101 1154 2168; baseline -0.006 -17"><span class='ocrx_word' id='word_1_241' title='bbox 626 2117 700 2165; x_wconf 82' lang='lat' dir='ltr'>voce,</span> <span class='ocrx_word' id='word_1_242' title='bbox 711 2105 776 2168; x_wconf 83' lang='lat' dir='ltr'>lyra,</span> <span class='ocrx_word' id='word_1_243' title='bbox 785 2103 855 2152; x_wconf 91' lang='lat' dir='ltr'>tibia.</span> <span class='ocrx_word' id='word_1_244' title='bbox 874 2103 913 2150; x_wconf 88' lang='lat' dir='ltr'>De</span> <span class='ocrx_word' id='word_1_245' title='bbox 923 2101 1062 2150; x_wconf 79' lang='lat' dir='ltr'>citharanb</span> <span class='ocrx_word' id='word_1_246' title='bbox 1073 2101 1154 2163; x_wconf 81' lang='lat' dir='ltr'>lipol-</span> 
     </span>
     <span class='ocr_line' id='line_1_44' title="bbox 626 2180 946 2241; baseline -0.013 -10"><span class='ocrx_word' id='word_1_247' title='bbox 626 2181 800 2241; x_wconf 69' lang='lat' dir='ltr'>liminiana,</span> <span class='ocrx_word' id='word_1_248' title='bbox 814 2195 833 2229; x_wconf 87' lang='lat'>1.</span> <span class='ocrx_word' id='word_1_249' title='bbox 843 2180 894 2229; x_wconf 89' lang='lat' dir='ltr'>Od.</span> <span class='ocrx_word' id='word_1_250' title='bbox 906 2185 946 2228; x_wconf 79' lang='grc'>21.</span> 
     </span>
    </p>

    <p class='ocr_par' dir='ltr' id='par_1_14' title="bbox 625 2253 1154 2530">
     <span class='ocr_line' id='line_1_45' title="bbox 659 2253 1154 2315; baseline -0.004 -11"><span class='ocrx_word' id='word_1_251' title='bbox 659 2263 673 2304; x_wconf 82' lang='lat'><strong>5</strong></span> <span class='ocrx_word' id='word_1_252' title='bbox 691 2253 808 2306; x_wconf 75' lang='lat' dir='ltr'>Auditis?</span> <span class='ocrx_word' id='word_1_253' title='bbox 823 2270 853 2303; x_wconf 86' lang='lat' dir='ltr'>an</span> <span class='ocrx_word' id='word_1_254' title='bbox 865 2271 901 2303; x_wconf 84' lang='lat' dir='ltr'>me</span> <span class='ocrx_word' id='word_1_255' title='bbox 919 2254 1052 2315; x_wconf 48' lang='lat' dir='ltr'>ladmen]</span> <span class='ocrx_word' id='word_1_256' title='bbox 1076 2254 1100 2303; x_wconf 92' lang='grc' dir='ltr'><strong>Ο</strong></span> <span class='ocrx_word' id='word_1_257' title='bbox 1113 2267 1154 2302; x_wconf 88' lang='lat' dir='ltr'>so·</span> 
     </span>
     <span class='ocr_line' id='line_1_46' title="bbox 626 2330 1154 2392; baseline -0.004 -14"><span class='ocrx_word' id='word_1_258' title='bbox 626 2330 707 2392; x_wconf 83' lang='lat' dir='ltr'>dales,</span> <span class='ocrx_word' id='word_1_259' title='bbox 726 2345 758 2378; x_wconf 85' lang='lat' dir='ltr'>an</span> <span class='ocrx_word' id='word_1_260' title='bbox 778 2345 876 2378; x_wconf 80' lang='lat' dir='ltr'>mestun</span> <span class='ocrx_word' id='word_1_261' title='bbox 902 2330 998 2377; x_wconf 81' lang='lat' dir='ltr'>auditis</span> <span class='ocrx_word' id='word_1_262' title='bbox 1018 2330 1154 2390; x_wconf 86' lang='lat' dir='ltr'>Calliopen</span> 
     </span>
     <span class='ocr_line' id='line_1_47' title="bbox 626 2405 1154 2468; baseline -0.006 -14"><span class='ocrx_word' id='word_1_263' title='bbox 626 2414 771 2468; x_wconf 77' lang='lat' dir='ltr'>canentem,</span> <span class='ocrx_word' id='word_1_264' title='bbox 784 2405 955 2468; x_wconf 82' lang='lat' dir='ltr'>meisquejam</span> <span class='ocrx_word' id='word_1_265' title='bbox 969 2405 1033 2450; x_wconf 81' lang='lat' dir='ltr'>cotis</span> <span class='ocrx_word' id='word_1_266' title='bbox 1048 2418 1154 2465; x_wconf 80' lang='lat' dir='ltr'>respon·</span> 
     </span>
     <span class='ocr_line' id='line_1_48' title="bbox 625 2480 747 2530; baseline -0.008 -2"><span class='ocrx_word' id='word_1_267' title='bbox 625 2480 747 2530; x_wconf 84' lang='lat' dir='ltr'>dentem?</span> 
     </span>
    </p>

    <p class='ocr_par' dir='ltr' id='par_1_15' title="bbox 625 2557 1155 2836">
     <span class='ocr_line' id='line_1_49' title="bbox 657 2557 1154 2619; baseline -0.006 -11"><span class='ocrx_word' id='word_1_268' title='bbox 657 2559 774 2608; x_wconf 79' lang='lat' dir='ltr'>Amabilis</span> <span class='ocrx_word' id='word_1_269' title='bbox 791 2557 900 2619; x_wconf 82' lang='lat' dir='ltr'>Insania]</span> <span class='ocrx_word' id='word_1_270' title='bbox 912 2558 1080 2618; x_wconf 81' lang='lat' dir='ltr'>Voluptatem</span> <span class='ocrx_word' id='word_1_271' title='bbox 1091 2570 1154 2605; x_wconf 86' lang='lat' dir='ltr'>sane</span> 
     </span>
     <span class='ocr_line' id='line_1_50' title="bbox 625 2634 1155 2696; baseline -0.009 -11"><span class='ocrx_word' id='word_1_272' title='bbox 625 2637 760 2684; x_wconf 82' lang='lat' dir='ltr'>maximam</span> <span class='ocrx_word' id='word_1_273' title='bbox 774 2642 883 2695; x_wconf 84' lang='lat' dir='ltr'>praestut</span> <span class='ocrx_word' id='word_1_274' title='bbox 901 2635 979 2681; x_wconf 87' lang='lat' dir='ltr'>ardor</span> <span class='ocrx_word' id='word_1_275' title='bbox 996 2634 1110 2696; x_wconf 71' lang='lat' dir='ltr'>poeticus</span> <span class='ocrx_word' id='word_1_276' title='bbox 1124 2635 1155 2681; x_wconf 87' lang='lat' dir='ltr'>iis</span> 
     </span>
     <span class='ocr_line' id='line_1_51' title="bbox 627 2709 1155 2776; baseline -0.008 -16"><span class='ocrx_word' id='word_1_277' title='bbox 627 2713 671 2776; x_wconf 84' lang='lat' dir='ltr'>qui</span> <span class='ocrx_word' id='word_1_278' title='bbox 698 2710 784 2759; x_wconf 83' lang='lat' dir='ltr'>divina</span> <span class='ocrx_word' id='word_1_279' title='bbox 805 2712 849 2759; x_wconf 87' lang='lat' dir='ltr'>illa</span> <span class='ocrx_word' id='word_1_280' title='bbox 874 2709 999 2758; x_wconf 77' lang='lat' dir='ltr'>facultate</span> <span class='ocrx_word' id='word_1_281' title='bbox 1028 2718 1087 2757; x_wconf 90' lang='lat' dir='ltr'>sunt</span> <span class='ocrx_word' id='word_1_282' title='bbox 1112 2710 1155 2756; x_wconf 91' lang='lat' dir='ltr'>do·</span> 
     </span>
     <span class='ocr_line' id='line_1_52' title="bbox 627 2789 691 2836; baseline -0.016 0"><span class='ocrx_word' id='word_1_283' title='bbox 627 2789 691 2836; x_wconf 87' lang='lat' dir='ltr'>nati.</span> 
     </span>
    </p>

    <p class='ocr_par' dir='ltr' id='par_1_16' title="bbox 627 2859 1156 3074">
     <span class='ocr_line' id='line_1_53' title="bbox 659 2859 1155 2920; baseline -0.004 -11"><span class='ocrx_word' id='word_1_284' title='bbox 659 2867 675 2909; x_wconf 88' lang='lat' dir='ltr'>o</span> <span class='ocrx_word' id='word_1_285' title='bbox 692 2861 785 2910; x_wconf 74' lang='lat' dir='ltr'>Audire</span> <span class='ocrx_word' id='word_1_286' title='bbox 803 2866 826 2908; x_wconf 85' lang='lat' dir='ltr'>et</span> <span class='ocrx_word' id='word_1_287' title='bbox 843 2860 922 2908; x_wconf 76' lang='lat' dir='ltr'>videor</span> <span class='ocrx_word' id='word_1_288' title='bbox 938 2860 991 2920; x_wconf 88' lang='lat' dir='ltr'>pios</span> <span class='ocrx_word' id='word_1_289' title='bbox 1009 2859 1096 2906; x_wconf 79' lang='lat' dir='ltr'>Errare</span> <span class='ocrx_word' id='word_1_290' title='bbox 1111 2872 1155 2919; x_wconf 84' lang='lat' dir='ltr'>per</span> 
     </span>
     <span class='ocr_line' id='line_1_54' title="bbox 627 2934 1156 2999; baseline -0.013 -13"><span class='ocrx_word' id='word_1_291' title='bbox 627 2937 701 2999; x_wconf 67' lang='lat' dir='ltr'>neos]</span> <span class='ocrx_word' id='word_1_292' title='bbox 713 2936 801 2984; x_wconf 73' lang='lat' dir='ltr'>Veluti</span> <span class='ocrx_word' id='word_1_293' title='bbox 809 2935 971 2998; x_wconf 76' lang='lat' dir='ltr'>praesentiam</span> <span class='ocrx_word' id='word_1_294' title='bbox 982 2934 1091 2980; x_wconf 85' lang='lat' dir='ltr'>numinis</span> <span class='ocrx_word' id='word_1_295' title='bbox 1099 2946 1156 2980; x_wconf 90' lang='lat' dir='ltr'>sen·</span> 
     </span>
     <span class='ocr_line' id='line_1_55' title="bbox 628 3008 1156 3074; baseline -0.006 -15"><span class='ocrx_word' id='word_1_296' title='bbox 628 3014 684 3072; x_wconf 86' lang='lat' dir='ltr'>tiat,</span> <span class='ocrx_word' id='word_1_297' title='bbox 693 3019 771 3074; x_wconf 88' lang='lat' dir='ltr'>atque</span> <span class='ocrx_word' id='word_1_298' title='bbox 787 3011 958 3058; x_wconf 85' lang='lat' dir='ltr'>enthusiasmo</span> <span class='ocrx_word' id='word_1_299' title='bbox 970 3017 1104 3069; x_wconf 81' lang='lat' dir='ltr'>correptus</span> <span class='ocrx_word' id='word_1_300' title='bbox 1117 3008 1156 3057; x_wconf 80' lang='lat' dir='ltr'>ita</span> 
     </span>
    </p>
   </div>
   <div class='ocr_carea' id='block_1_10' title="bbox 629 3088 1156 3221">
    <p class='ocr_par' dir='ltr' id='par_1_17' title="bbox 629 3088 1156 3221">
     <span class='ocr_line' id='line_1_56' title="bbox 629 3088 748 3150; baseline -0.025 -15"><span class='ocrx_word' id='word_1_301' title='bbox 629 3088 748 3150; x_wconf 84' lang='lat' dir='ltr'>loquitur.</span> 
     </span>
     <span class='ocr_line' id='line_1_57' title="bbox 662 3157 1156 3221; baseline -0.014 -10"><span class='ocrx_word' id='word_1_302' title='bbox 662 3167 675 3210; x_wconf 80' lang='grc'><strong>7</strong></span> <span class='ocrx_word' id='word_1_303' title='bbox 694 3160 779 3221; x_wconf 83' lang='lat' dir='ltr'>Lucos]</span> <span class='ocrx_word' id='word_1_304' title='bbox 797 3161 827 3207; x_wconf 89' lang='lat' dir='ltr'>ln</span> <span class='ocrx_word' id='word_1_305' title='bbox 840 3158 960 3206; x_wconf 79' lang='lat' dir='ltr'>solitariis</span> <span class='ocrx_word' id='word_1_306' title='bbox 973 3157 1082 3204; x_wconf 74' lang='lat' dir='ltr'>niaxirne</span> <span class='ocrx_word' id='word_1_307' title='bbox 1091 3157 1156 3206; x_wconf 85' lang='lat' dir='ltr'>iocis</span> 
     </span>
    </p>
   </div>
   <div class='ocr_carea' id='block_1_11' title="bbox 629 3233 1157 3592">
    <p class='ocr_par' dir='ltr' id='par_1_18' title="bbox 629 3233 1157 3592">
     <span class='ocr_line' id='line_1_58' title="bbox 629 3233 1156 3297; baseline -0.006 -13"><span class='ocrx_word' id='word_1_308' title='bbox 629 3237 737 3285; x_wconf 84' lang='lat' dir='ltr'>delubra</span> <span class='ocrx_word' id='word_1_309' title='bbox 762 3235 909 3283; x_wconf 83' lang='lat' dir='ltr'>statuebant</span> <span class='ocrx_word' id='word_1_310' title='bbox 929 3242 1046 3280; x_wconf 83' lang='lat' dir='ltr'>ueteres:</span> <span class='ocrx_word' id='word_1_311' title='bbox 1070 3233 1156 3297; x_wconf 87' lang='lat' dir='ltr'>ibique</span> 
     </span>
     <span class='ocr_line' id='line_1_59' title="bbox 631 3309 1156 3360; baseline -0.008 1"><span class='ocrx_word' id='word_1_312' title='bbox 631 3314 704 3360; x_wconf 86' lang='lat' dir='ltr'>Deos</span> <span class='ocrx_word' id='word_1_313' title='bbox 727 3309 869 3358; x_wconf 86' lang='lat' dir='ltr'>credebant</span> <span class='ocrx_word' id='word_1_314' title='bbox 895 3309 1018 3356; x_wconf 88' lang='lat' dir='ltr'>libentius</span> <span class='ocrx_word' id='word_1_315' title='bbox 1041 3309 1156 3357; x_wconf 87' lang='lat' dir='ltr'>babitare</span> 
     </span>
     <span class='ocr_line' id='line_1_60' title="bbox 630 3372 1157 3449; baseline -0.009 -15"><span class='ocrx_word' id='word_1_316' title='bbox 630 3389 670 3437; x_wconf 88' lang='lat' dir='ltr'>nbi</span> <span class='ocrx_word' id='word_1_317' title='bbox 682 3387 754 3449; x_wconf 79' lang='lat' dir='ltr'>qtties</span> <span class='ocrx_word' id='word_1_318' title='bbox 766 3392 792 3432; x_wconf 89' lang='lat' dir='ltr'>et</span> <span class='ocrx_word' id='word_1_319' title='bbox 804 3372 944 3445; x_wconf 66' lang='lat' dir='ltr'>silentium,</span> <span class='ocrx_word' id='word_1_320' title='bbox 959 3384 1002 3431; x_wconf 90' lang='lat' dir='ltr'>ubi</span> <span class='ocrx_word' id='word_1_321' title='bbox 1017 3386 1090 3430; x_wconf 70' lang='lat' dir='ltr'>nullm</span> <span class='ocrx_word' id='word_1_322' title='bbox 1104 3392 1157 3430; x_wconf 89' lang='lat' dir='ltr'>tur·</span> 
     </span>
     <span class='ocr_line' id='line_1_61' title="bbox 631 3459 1156 3522; baseline -0.01 -13"><span class='ocrx_word' id='word_1_323' title='bbox 631 3464 670 3509; x_wconf 79' lang='lat' dir='ltr'>bae</span> <span class='ocrx_word' id='word_1_324' title='bbox 682 3469 725 3508; x_wconf 89' lang='lat' dir='ltr'>aut</span> <span class='ocrx_word' id='word_1_325' title='bbox 738 3461 863 3522; x_wconf 79' lang='lat' dir='ltr'>strepitus</span> <span class='ocrx_word' id='word_1_326' title='bbox 882 3459 1004 3506; x_wconf 81' lang='lat' dir='ltr'>utentium</span> <span class='ocrx_word' id='word_1_327' title='bbox 1023 3459 1156 3517; x_wconf 74' lang='lat' dir='ltr'>integrita-</span> 
     </span>
     <span class='ocr_line' id='line_1_62' title="bbox 631 3533 1156 3592; baseline -0.013 -6"><span class='ocrx_word' id='word_1_328' title='bbox 631 3548 682 3586; x_wconf 86' lang='lat' dir='ltr'>tetn</span> <span class='ocrx_word' id='word_1_329' title='bbox 704 3535 909 3584; x_wconf 78' lang='lat' dir='ltr'>labefactarent:</span> <span class='ocrx_word' id='word_1_330' title='bbox 930 3535 972 3581; x_wconf 82' lang='lat' dir='ltr'>ubi</span> <span class='ocrx_word' id='word_1_331' title='bbox 996 3533 1156 3592; x_wconf 81' lang='lat' dir='ltr'>‘Sapientiae</span> 
     </span>
    </p>
   </div>
   <div class='ocr_carea' id='block_1_12' title="bbox 62 3607 1159 4129">
    <p class='ocr_par' dir='ltr' id='par_1_19' title="bbox 62 3607 1159 3676">
     <span class='ocr_line' id='line_1_63' title="bbox 62 3607 1159 3676; baseline -0.011 -20"><span class='ocrx_word' id='word_1_332' title='bbox 62 3608 196 3656; x_wconf 83' lang='lat' dir='ltr'>comitatur.</span> <span class='ocrx_word' id='word_1_333' title='bbox 218 3607 294 3654; x_wconf 89' lang='lat' dir='ltr'>Diod.</span> <span class='ocrx_word' id='word_1_334' title='bbox 305 3609 385 3655; x_wconf 84' lang='lat' dir='ltr'>Sicul.</span> <span class='ocrx_word' id='word_1_335' title='bbox 402 3623 424 3654; x_wconf 84' lang='lat' dir='ltr'>r.</span> <span class='ocrx_word' id='word_1_336' title='bbox 438 3613 458 3656; x_wconf 91' lang='lat' dir='ltr'>l.</span> <span class='ocrx_word' id='word_1_337' title='bbox 486 3610 589 3657; x_wconf 83' lang='lat' dir='ltr'>‘illusis</span> <span class='ocrx_word' id='word_1_338' title='bbox 630 3616 797 3676; x_wconf 59' lang='lat' dir='ltr'>gyntnasiunn</span> <span class='ocrx_word' id='word_1_339' title='bbox 818 3613 862 3658; x_wconf 91' lang='lat' dir='ltr'>ubi</span> <span class='ocrx_word' id='word_1_340' title='bbox 883 3624 963 3656; x_wconf 86' lang='lat' dir='ltr'>mores</span> <span class='ocrx_word' id='word_1_341' title='bbox 977 3608 1041 3655; x_wconf 80' lang='lat' dir='ltr'>betto</span> <span class='ocrx_word' id='word_1_342' title='bbox 1055 3608 1159 3654; x_wconf 80' lang='lat' dir='ltr'>institn.</span> 
     </span>
    </p>

    <p class='ocr_par' dir='ltr' id='par_1_20' title="bbox 63 3683 1156 3748">
     <span class='ocr_line' id='line_1_64' title="bbox 63 3683 1156 3748; baseline -0.005 -16"><span class='ocrx_word' id='word_1_343' title='bbox 63 3687 174 3739; x_wconf 85' lang='lat' dir='ltr'>nomina,</span> <span class='ocrx_word' id='word_1_344' title='bbox 188 3686 279 3746; x_wconf 87' lang='lat' dir='ltr'>cuique</span> <span class='ocrx_word' id='word_1_345' title='bbox 292 3701 305 3732; x_wconf 85' lang='lat' dir='ltr'>a</span> <span class='ocrx_word' id='word_1_346' title='bbox 320 3688 422 3747; x_wconf 80' lang='lat' dir='ltr'>proprio</span> <span class='ocrx_word' id='word_1_347' title='bbox 433 3701 537 3734; x_wconf 71' lang='lat' dir='ltr'>micuere</span> <span class='ocrx_word' id='word_1_348' title='bbox 548 3688 591 3734; x_wconf 87' lang='lat' dir='ltr'>tri·</span> <span class='ocrx_word' id='word_1_349' title='bbox 631 3700 718 3748; x_wconf 74' lang='lat' dir='ltr'>tratur,</span> <span class='ocrx_word' id='word_1_350' title='bbox 731 3700 757 3736; x_wconf 80' lang='lat' dir='ltr'>ct</span> <span class='ocrx_word' id='word_1_351' title='bbox 775 3689 850 3735; x_wconf 75' lang='lat' dir='ltr'>astitui</span> <span class='ocrx_word' id='word_1_352' title='bbox 866 3687 974 3732; x_wconf 77' lang='lat' dir='ltr'>sicarum</span> <span class='ocrx_word' id='word_1_353' title='bbox 994 3683 1156 3742; x_wconf 58' lang='lat' dir='ltr'>diriguntur?</span> 
     </span>
    </p>

    <p class='ocr_par' dir='ltr' id='par_1_21' title="bbox 63 3759 1157 3823">
     <span class='ocr_line' id='line_1_65' title="bbox 63 3759 1157 3823; baseline -0.005 -10"><span class='ocrx_word' id='word_1_354' title='bbox 63 3766 183 3814; x_wconf 85' lang='lat' dir='ltr'>buerunt.</span> <span class='ocrx_word' id='word_1_355' title='bbox 212 3763 268 3810; x_wconf 85' lang='lat' dir='ltr'>Clio</span> <span class='ocrx_word' id='word_1_356' title='bbox 285 3771 390 3823; x_wconf 85' lang='lat' dir='ltr'>propter</span> <span class='ocrx_word' id='word_1_357' title='bbox 408 3764 525 3822; x_wconf 76' lang='lat' dir='ltr'>gloriam,</span> <span class='ocrx_word' id='word_1_358' title='bbox 540 3767 589 3811; x_wconf 59' lang='lat' dir='ltr'>nc.</span> <span class='ocrx_word' id='word_1_359' title='bbox 631 3767 695 3813; x_wconf 74' lang='lat' dir='ltr'>Huc</span> <span class='ocrx_word' id='word_1_360' title='bbox 709 3767 774 3812; x_wconf 78' lang='lat' dir='ltr'>eninr</span> <span class='ocrx_word' id='word_1_361' title='bbox 794 3762 905 3812; x_wconf 85' lang='lat' dir='ltr'>solitudo</span> <span class='ocrx_word' id='word_1_362' title='bbox 926 3759 1033 3822; x_wconf 74' lang='lat' dir='ltr'>praebet,</span> <span class='ocrx_word' id='word_1_363' title='bbox 1050 3774 1081 3806; x_wconf 83' lang='lat' dir='ltr'>ex</span> <span class='ocrx_word' id='word_1_364' title='bbox 1096 3760 1157 3807; x_wconf 90' lang='lat' dir='ltr'>Plu-</span> 
     </span>
    </p>

    <p class='ocr_par' dir='ltr' id='par_1_22' title="bbox 65 3836 730 3900">
     <span class='ocr_line' id='line_1_66' title="bbox 65 3836 730 3900; baseline -0.006 -12"><span class='ocrx_word' id='word_1_365' title='bbox 65 3874 89 3888; x_wconf 89' lang='lat'>..</span> <span class='ocrx_word' id='word_1_366' title='bbox 104 3873 109 3886; x_wconf 91' lang='lat'><strong>.</strong></span> <span class='ocrx_word' id='word_1_367' title='bbox 131 3839 263 3900; x_wconf 85' lang='lat' dir='ltr'>Calliopen</span> <span class='ocrx_word' id='word_1_368' title='bbox 280 3836 346 3898; x_wconf 87' lang='lat' dir='ltr'>quod</span> <span class='ocrx_word' id='word_1_369' title='bbox 360 3847 450 3884; x_wconf 75' lang='lat' dir='ltr'>centris</span> <span class='ocrx_word' id='word_1_370' title='bbox 463 3838 589 3885; x_wconf 82' lang='lat' dir='ltr'>stravitute</span> <span class='ocrx_word' id='word_1_371' title='bbox 632 3842 730 3889; x_wconf 75' lang='lat' dir='ltr'>tascilo.</span> 
     </span>
    </p>

    <p class='ocr_par' dir='ltr' id='par_1_23' title="bbox 65 3911 1156 3978">
     <span class='ocr_line' id='line_1_67' title="bbox 65 3911 1156 3978; baseline -0.004 -16"><span class='ocrx_word' id='word_1_372' title='bbox 65 3926 172 3965; x_wconf 73' lang='lat' dir='ltr'>caeteras</span> <span class='ocrx_word' id='word_1_373' title='bbox 185 3912 337 3962; x_wconf 80' lang='lat' dir='ltr'>antecedens</span> <span class='ocrx_word' id='word_1_374' title='bbox 349 3915 432 3975; x_wconf 82' lang='lat' dir='ltr'>magni</span> <span class='ocrx_word' id='word_1_375' title='bbox 445 3913 476 3960; x_wconf 84' lang='lat' dir='ltr'>alr</span> <span class='ocrx_word' id='word_1_376' title='bbox 491 3914 590 3960; x_wconf 86' lang='lat' dir='ltr'>nudite-</span> <span class='ocrx_word' id='word_1_377' title='bbox 664 3920 760 3969; x_wconf 67' lang='lat' dir='ltr'>enatos</span> <span class='ocrx_word' id='word_1_378' title='bbox 782 3922 803 3962; x_wconf 83' lang='lat' dir='ltr'>ct</span> <span class='ocrx_word' id='word_1_379' title='bbox 824 3928 889 3978; x_wconf 76' lang='lat' dir='ltr'>aque</span> <span class='ocrx_word' id='word_1_380' title='bbox 911 3911 1007 3959; x_wconf 75' lang='lat' dir='ltr'>srtbcunt</span> <span class='ocrx_word' id='word_1_381' title='bbox 1036 3919 1058 3959; x_wconf 81' lang='lat' dir='ltr'>ct</span> <span class='ocrx_word' id='word_1_382' title='bbox 1082 3912 1156 3972; x_wconf 71' lang='lat' dir='ltr'>aare]</span> 
     </span>
    </p>

    <p class='ocr_par' dir='ltr' id='par_1_24' title="bbox 66 3987 1158 4129">
     <span class='ocr_line' id='line_1_68' title="bbox 66 3987 1157 4051; baseline -0.002 -16"><span class='ocrx_word' id='word_1_383' title='bbox 66 3992 136 4037; x_wconf 84' lang='lat' dir='ltr'>ribus</span> <span class='ocrx_word' id='word_1_384' title='bbox 149 3988 308 4038; x_wconf 61' lang='lat' dir='ltr'>restituetur!</span> <span class='ocrx_word' id='word_1_385' title='bbox 632 3988 794 4038; x_wconf 77' lang='lat' dir='ltr'>Perilucntes</span> <span class='ocrx_word' id='word_1_386' title='bbox 808 4005 889 4051; x_wconf 64' lang='lat' dir='ltr'>aqum,</span> <span class='ocrx_word' id='word_1_387' title='bbox 907 3995 934 4036; x_wconf 89' lang='lat' dir='ltr'>et</span> <span class='ocrx_word' id='word_1_388' title='bbox 952 3987 1094 4048; x_wconf 78' lang='lat' dir='ltr'>aspirantes</span> <span class='ocrx_word' id='word_1_389' title='bbox 1111 4001 1157 4033; x_wconf 88' lang='lat' dir='ltr'>seu</span> 
     </span>
     <span class='ocr_line' id='line_1_69' title="bbox 97 4063 1158 4129; baseline 0 -19"><span class='ocrx_word' id='word_1_390' title='bbox 97 4063 201 4125; x_wconf 70' lang='lat' dir='ltr'>longum</span> <span class='ocrx_word' id='word_1_391' title='bbox 218 4067 299 4127; x_wconf 76' lang='lat' dir='ltr'>rarior]</span> <span class='ocrx_word' id='word_1_392' title='bbox 316 4065 395 4116; x_wconf 85' lang='lat' dir='ltr'>Certe</span> <span class='ocrx_word' id='word_1_393' title='bbox 412 4073 451 4115; x_wconf 87' lang='lat' dir='ltr'>est</span> <span class='ocrx_word' id='word_1_394' title='bbox 463 4065 521 4116; x_wconf 89' lang='lat' dir='ltr'>Ode</span> <span class='ocrx_word' id='word_1_395' title='bbox 534 4069 589 4115; x_wconf 77' lang='lat' dir='ltr'>bare</span> <span class='ocrx_word' id='word_1_396' title='bbox 632 4064 771 4129; x_wconf 84' lang='lat' dir='ltr'>perflantes</span> <span class='ocrx_word' id='word_1_397' title='bbox 783 4079 851 4113; x_wconf 78' lang='lat' dir='ltr'>curn</span> <span class='ocrx_word' id='word_1_398' title='bbox 870 4079 900 4113; x_wconf 83' lang='lat' dir='ltr'>ac</span> <span class='ocrx_word' id='word_1_399' title='bbox 920 4063 1033 4126; x_wconf 81' lang='lat' dir='ltr'>Zephyri</span> <span class='ocrx_word' id='word_1_400' title='bbox 1046 4076 1158 4111; x_wconf 74' lang='lat' dir='ltr'>animnos</span> 
     </span>
    </p>
   </div>
   <div class='ocr_carea' id='block_1_13' title="bbox 0 0 1219 4200">
    <p class='ocr_par' dir='ltr' id='par_1_25' title="bbox 0 0 1219 4200">
     <span class='ocr_line' id='line_1_70' title="bbox 0 0 1219 4200; baseline 0 0"><span class='ocrx_word' id='word_1_401' title='bbox 0 0 1219 4200; x_wconf 95' lang='lat' dir='ltr'> </span> 
     </span>
    </p>
   </div>
  </div>
 </body>
</html>
