2408 4200
386 269 592 320 crnuruuu
618 221 689 320 isin.
713 273 738 320 ι.
760 257 816 322 24.

229 406 377 491 Tandem
394 409 510 473 desine
525 425 662 477 matrem

273 508 493 590 Tempestiva
508 513 605 594 sequi
620 515 701 577 viro.

58 678 101 720 uel
110 674 145 722 leo
156 689 169 723 e
181 674 293 726 Goelrrliu.
310 675 376 736 Ergo
386 675 437 722 riro
447 679 540 723 multra
549 675 631 724 desim
643 675 770 738 aliquando
779 677 892 738 gesilrici
903 679 1024 730 isiroererr.

66 899 183 950 Gelsles:
200 900 248 950 Gr.
260 906 300 950 erl
312 901 511 950 luerim-12
528 901 599 950 Unus
611 901 764 949 Bersurenni
776 908 803 950 et
812 903 891 950 Desa.
902 907 926 951 2.
936 905 989 951 viro
999 905 1073 966 sequi.

550 1024 659 1075 NOTAE

60 1124 131 1174 eirca
141 1123 198 1174 haec
215 1123 320 1188 opinio,’
334 1128 383 1173 ire.
416 1125 528 1174 Getullu
545 1125 587 1173 Li·
629 1124 757 1173 anemiue
769 1124 911 1188 ignoratur.

59 1200 117 1262 byae
128 1199 257 1250 interioris
269 1202 351 1264 regio,
361 1200 438 1250 bodie
448 1201 589 1261 Biirdrrlge·
663 1199 782 1264 Fmrgere
796 1202 935 1265 persequor]
956 1202 1061 1252 Plrrasis
1082 1204 1154 1256 Gr'ae·

60 1277 110 1339 rid,
120 1290 237 1341 magnam
248 1276 345 1326 habere
357 1275 470 1326 ferarum
487 1277 588 1340 copiam
628 1291 667 1326 ea.

476 1473 573 1539 ODE
607 1473 753 1538 XXIV.

464 1625 516 1671 sn
542 1623 760 1672 vrnurnruu.

62 1742 144 1794 Erant
155 1741 265 1793 Horatio
275 1749 303 1792 at
315 1739 424 1804 Virgilio
434 1740 485 1791 dno
503 1754 621 1804 corpora,
636 1752 687 1788 uua
703 1738 797 1800 anima,
812 1752 877 1787 nnus
890 1739 1008 1803 idemque
1020 1739 1106 1802 dolor3
1124 1751 1154 1792 ut

94 1825 176 1874 velex
188 1824 236 1873 lrac
248 1838 327 1873 aurea
341 1822 497 1882 Tlrreuodia,
508 1836 559 1886 qna
571 1820 689 1872 Quintilii
702 1821 764 1868 Vari
776 1819 964 1881 Cremonensis,
975 1820 1076 1883 Virgilii
1093 1835 1153 1884 cog·

93 1904 148 1952 nali
158 1911 235 1966 atque
246 1902 351 1961 sodalis,
361 1900 459 1950 obitura
470 1900 653 1949 miserabiliter
663 1897 752 1960 delier,
762 1896 970 1947 manifestissime
984 1904 1063 1961 palei.
1088 1901 1153 1949 Con·

96 1982 186 2032 solatio
197 1988 237 2031 est
249 1980 281 2029 ad
293 1980 428 2042 Virgilium
440 1981 547 2043 scripta.

194 2075 293 2154 Quis
307 2074 467 2140 desiderio
480 2076 524 2139 sit
540 2077 648 2160 pudor
663 2078 721 2136 aut
735 2072 856 2136 modus

193 2177 278 2241 Tam
292 2176 362 2240 cari
378 2177 526 2259 capilisl
572 2175 728 2256 Praecipe
744 2173 897 2254 lugubres

100 2347 160 2403 Qsoe
173 2347 208 2397 rii
223 2350 372 2415 aeremia,
384 2352 421 2399 rel
428 2350 491 2415 fisis
502 2351 586 2415 dolori,
603 2350 631 2398 od
640 2349 763 2412 jactorum
775 2351 821 2399 oiri
832 2354 889 2400 adeo
899 2351 994 2399 dilecti?
1027 2349 1091 2399 Doce
1101 2364 1156 2412 que*

97 2552 162 2603 Hrec
175 2554 233 2604 Ode
243 2564 284 2606 ert
295 2557 395 2607 decima
406 2557 497 2623 quinta
510 2556 580 2606 Libri
593 2559 664 2607 terlii
682 2559 708 2607 in
729 2559 778 2608 Ed.
792 2559 928 2609 Sanadoni.
962 2557 1117 2609 Inscribilnr
1128 2557 1154 2605 iu

64 2617 187 2667 laurent.
205 2615 342 2682 Torrentii‚
361 2623 468 2670 Tirenus
483 2622 508 2670 ior
524 2621 679 2675 Quinctilium
696 2638 711 2670 a
734 2624 837 2684 Virgilio
856 2631 976 2679 umatum
993 2624 1101 2673 Luelrer.
1115 2621 1155 2669 Ad

67 2681 197 2743 Virgilium
204 2685 233 2733 de
242 2690 316 2734 morie
327 2684 473 2744 Quinctium
491 2686 600 2735 Mentel.
616 2686 691 2734 Venor
701 2685 725 2734 irr
739 2687 894 2741 Quinctilium
905 2695 1027 2737 mortuum.
1058 2688 1154 2736 Forsan

69 2744 149 2793 Verius
163 2755 201 2796 est
212 2747 299 2810 lapsus
311 2749 407 2797 librarii
421 2764 468 2810 pro
479 2749 575 2807 Noerriu,
586 2764 636 2797 nou
649 2764 695 2813 pro
706 2752 819 2813 Tirenus,
836 2760 863 2800 ul
878 2753 1079 2814 portationi-1
1095 2749 1156 2802 Qllb

64 2809 189 2858 desideriis
200 2811 254 2860 Ali.
267 2816 341 2859 2.—2
358 2814 465 2861 ‘Desine
476 2827 524 2874 pro
537 2813 642 2875 Precipe
658 2815 771 2878 quidam,
782 2823 850 2864 teste
863 2819 960 2866 Dacer.
977 2817 1038 2863 salis
1056 2813 1154 2874 inepte.

64 2873 172 2933 infrimis
184 2876 352 2940 antiquissimi
364 2876 439 2926 codd.
451 2876 519 2927 unde
528 2878 600 2927 mulli
613 2881 766 2930 recentiores
778 2881 842 2930 Mas.
852 2890 878 2930 er
889 2880 949 2930 edd.
960 2877 1075 2928 fecerunt
1087 2879 1156 2938 lugu·

552 3007 659 3056 NOTAE

95 3098 206 3150 Melrum
218 3103 288 3151 idem
299 3106 368 3166 quod
379 3119 457 3164 supra
469 3104 527 3151 Ode
536 3117 575 3151 ur.
664 3106 676 3148 l
691 3100 751 3153 Quis
758 3098 873 3145 desiderio
880 3100 913 3144 rii
918 3099 1004 3157 pudor,
1012 3096 1066 3157 iso]
1075 3097 1157 3144 Quem

97 3170 161 3219 Sura
174 3173 297 3223 Horatius
313 3177 433 3238 querelas
448 3177 538 3235 jungit
556 3176 591 3220 la·
631 3173 719 3220 dolere
741 3171 849 3232 pudeat,
877 3169 933 3230 qnia
956 3169 1035 3215 luctui
1055 3167 1157 3217 modum

67 3246 160 3306 crymis
178 3254 206 3295 er
223 3248 387 3310 querimoniis
399 3247 502 3306 Virgilii
514 3246 592 3291 dilee·
632 3251 707 3305 putet
720 3242 903 3301 adhibendum,
921 3241 1014 3301 arqlsso
1030 3248 1081 3289 tarn
1100 3255 1157 3291 caro

66 3329 121 3368 lum
132 3327 211 3382 capul
222 3327 305 3369 morte
318 3319 446 3368 sublatum
458 3315 591 3374 deflenda
633 3319 738 3380 capite?
768 3319 867 3366 Seneca
889 3325 975 3367 tamen
997 3317 1081 3382 Epist.
1103 3319 1158 3365 1000

65 3395 169 3457 ejusque
196 3392 308 3442 dolorem
335 3392 429 3441 dividit
454 3389 593 3439 artificiose
633 3393 818 3458 ricprrecipir:
840 3395 902 3445 ‘Est
914 3394 1003 3459 aliquis
1015 3401 1042 3442 et
1053 3390 1158 3441 dolendi

66 3468 179 3532 quidem.
196 3475 224 3516 ul
243 3469 462 3532 immimratatqrre
475 3467 592 3516 console·
632 3469 726 3519 decor:
744 3470 786 3519 iric
805 3471 918 3533 sapienti
939 3469 1081 3519 serrandus
1100 3473 1157 3514 est:

67 3553 118 3591 2⁰¹·
151 3543 215 3591 Vult
243 3543 360 3605 &gollim
387 3543 589 3607 prosopopaelim
631 3556 658 3599 el
675 3551 887 3614 quemadmodum
908 3553 933 3598 in
951 3549 1046 3598 ceteris
1064 3545 1157 3603 rebr1s3

67 3631 123 3666 0³³0
142 3626 169 3666 01
187 3617 314 3679 dialogum
327 3619 428 3681 Virgilii
444 3627 472 3667 θῑ
489 3620 590 3681 Melpo·
631 3624 667 3673 iiu
676 3633 702 3674 et
713 3626 737 3673 in
750 3626 870 3687 lacrymis
881 3623 977 3685 aliquid
990 3630 1028 3669 sal
1037 3628 1083 3668 est.
1106 3618 1158 3666 Im·

67 3712 162 3759 menes,
182 3711 244 3761 quos
257 3696 502 3745 Horatiusinducil:
520 3698 590 3745 illum
632 3701 798 3763 prudentium
825 3708 852 3747 ur
875 3696 977 3760 gaudia,
998 3696 1036 3742 sic
1058 3694 1158 3742 dolores

67 3787 81 3820 a
104 3775 180 3823 Musa
203 3773 336 3821 consilium
356 3787 481 3835 opemque
503 3773 592 3834 implo-
632 3773 804 3823 exundarere.
828 3769 1157 3835 AEquoanimoexcipene·

67 3856 174 3911 rasilem,
193 3848 295 3897 duobus
316 3848 427 3909 strophis
447 3846 590 3909 prioribus:
632 3847 761 3900 cessuria!

68 3923 131 3972 hanc
143 3924 342 3987 respondentem
355 3923 478 3984 deinceps
490 3929 516 3969 el
532 3935 591 3970 con·
664 3930 680 3971 2
700 3921 758 3968 Curi
779 3919 875 3980 rupilio]
902 3919 964 3965 Eam
987 3918 1088 3966 dicendi
1107 3919 1157 3970 for·

72 3998 204 4059 rolanlem,
223 3999 255 4047 ab
277 3999 316 4045 his
336 3996 431 4056 verbis,
450 3997 534 4049 Mollis
552 3998 592 4046 illo
632 4013 697 4048 mam
724 3995 825 4043 Graecis
853 3993 1018 4054 Homeroque
1043 3993 1158 4057 inprimis

72 4071 144 4133 mois,
155 4075 193 4133 irc.
209 4075 296 4138 Sigon.
309 4071 445 4122 Emendat.
458 4071 500 4120 lib.
515 4085 544 4119 rr.
609 4100 611 4104 -
634 4078 745 4119 auratam
759 4075 832 4115 nolal
852 4066 970 4114 Eustutlr.
1002 4067 1046 4115 Sic
1064 4070 1161 4130 odyss.
