2408 4200
378 251 587 301 onuuruun
614 251 686 298 nro.
710 250 750 298 ιι.
774 235 827 299 16.
1084 232 1150 301 {iffi

227 393 386 460 Condidit
401 394 544 471 Lunam,
562 413 667 476 nequo
682 399 771 460 certo
783 393 913 478 fulgent

482 493 603 559 Sidera
618 496 752 575 nautis3

225 597 340 661 Otium
355 597 448 661 bello
464 597 592 662 furiosa
607 598 750 673 Thrace,

226 699 343 764 Otium
358 698 454 762 Medi
468 700 619 783 pharetra
632 698 760 774 decori,

224 799 396 883 Grospho,
410 818 478 864 nou
492 799 629 881 gemmis
644 817 755 881 nequo
769 818 919 884 purpura
930 818 987 864 ve-

487 903 561 965 nale
575 920 638 965 uec
653 920 744 965 auro.

225 1000 307 1067 Non
320 1001 408 1066 enirn
424 1021 515 1083 gozso
529 1021 637 1085 noque
653 1001 840 1068 consularis

52 1187 137 1238 motin
151 1190 221 1249 utque
235 1184 308 1244 nigro
317 1183 398 1232 nubilo
409 1187 518 1232 texerem
528 1182 629 1244 Lunum,
639 1197 712 1244 neque
723 1189 837 1246 apparent
846 1183 928 1234 nautis
938 1190 1003 1234 ostro
1013 1199 1059 1235 ron
1070 1185 1151 1236 dubio.

56 1253 165 1310 Quietem
175 1250 279 1300 Tlrroeiu
286 1249 345 1296 bello
353 1246 463 1310 qinom,
470 1246 559 1295 Parlbr'
570 1247 675 1307 insignes
682 1248 795 1310 ploretro
804 1249 902 1310 quietern
910 1255 1009 1312 poscunt
1016 1265 1056 1298 ner
1064 1252 1153 1314 lapillis

56 1328 209 1381 nerpurpum
216 1328 260 1364 neo
267 1327 324 1362 uero
332 1313 451 1361 ruralem.-
462 1311 581 1359 enimvero
591 1310 684 1359 divitia
695 1313 732 1360 rel
744 1312 854 1362 consulis
862 1315 983 1376 apparitor
991 1313 1053 1363 iord
1061 1316 1152 1378 pellunt

58 1553 135 1603 lieri.
146 1557 172 1602 1.
184 1558 212 1603 et
222 1552 310 1604 Zsrot.
321 1559 348 1603 et
358 1554 447 1617 placet
463 1554 592 1604 Gesnero.
608 1554 680 1604 simul
695 1559 765 1617 etque
780 1554 852 1602 reor·
868 1553 952 1603 codex
964 1554 1153 1605 vetustissimus

48 1616 179 1684 ¹liurtbii3
196 1617 310 1666 cedride
323 1618 413 1667 Claud.
426 1631 458 1666 ιι.
470 1620 579 1681 Eutrop.
590 1623 615 1666 9.
627 1627 653 1667 et
665 1618 731 1668 Hor.
744 1631 763 1668 1.
779 1617 864 1680 Epist.
876 1622 916 1666 10.
925 1621 998 1668 8.-3
1017 1620 1081 1668 Ere.
1092 1620 1151 1670 Su.

61 1677 176 1730 Condidit
185 1681 262 1730 lumen
270 1697 280 1738 ,¹
298 1682 377 1731 etium
389 1684 437 1730 hoc
449 1683 530 1744 magis
549 1684 634 1744 placet
646 1683 823 1732 (desueto-o
843 1682 925 1729 Otium
937 1682 1004 1730 bellis
1015 1684 1086 1746 Lips.
1095 1686 1155 1732 3.-

59 1747 74 1793 8
91 1744 210 1794 Lsmbini
221 1745 298 1794 codd.
310 1747 422 1810 quidem.
440 1747 577 1795 Pulmnnni
590 1761 688 1808 ornnes,
708 1746 818 1797 Mentel.
835 1759 900 1794 uuus
918 1746 1081 1808 Burmanni,
1099 1754 1152 1795 tres

58 1807 142 1872 Liprt.
153 1807 222 1859 Altt.
232 1814 256 1859 1.
267 1813 292 1859 2.
309 1811 385 1861 Dese.
398 1815 421 1858 l.
433 1815 457 1859 2.
478 1810 624 1859 Helmstod.
635 1812 744 1859 Venett.
755 1809 862 1859 Arcens.
874 1810 984 1858 bochor.
996 1811 1090 1859 Heius.
1103 1812 1155 1859 Cu·

57 1873 128 1937 ring.
140 1872 212 1938 Juni,
223 1874 331 1924 biitreh.
347 1881 374 1924 et
395 1874 501 1938 liipout.
519 1890 593 1938 neque
603 1890 676 1933 ooro‚·
702 1875 777 1924 Heri.
789 1888 875 1924 omnes
887 1881 915 1924 et
930 1873 991 1924 edd.
1009 1876 1095 1939 rulgg.
1111 1888 1153 1923 rec

555 2002 665 2055 NOTAE

55 2097 187 2148 infestum.
220 2097 298 2147 Unde
310 2099 430 2162 proverb.
441 2099 470 2149 rb
488 2099 586 2161 Αιγαῖον
626 2101 761 2150 Plutarch.
790 2101 815 2149 in
843 2100 905 2149 vin
933 2101 1010 2149 Pauli
1042 2099 1153 2151 AEmilii:

55 2175 135 2224 πλεῖν.
158 2171 201 2223 Ab
219 2173 283 2238 AEgu
299 2177 393 2237 insule,
413 2177 454 2226 vel
472 2177 505 2225 ub
517 2177 585 2239 AEgir
625 2175 816 2239 ‘Pugnantium
833 2175 961 2223 Thracum
978 2182 1086 2237 aspectu
1101 2175 1154 2224 Ns-

57 2249 163 2299 Euboe
184 2249 272 2298 inculte
293 2251 400 2314 oppido,
416 2259 446 2301 ut
462 2252 585 2301 Straboni
625 2255 680 2302 sica
691 2253 800 2301 monime
812 2252 953 2301 exhorruit.
971 2252 1153 2314 Eruntnempe

57 2326 155 2390 placet,
177 2325 292 2388 AEgaeum
316 2341 388 2376 mare
411 2327 511 2376 dictum
536 2333 583 2376 ert.
625 2329 651 2378 in
668 2329 723 2378 acie
740 2326 950 2391 primi‚bomines
967 2327 1081 2389 proceris
1099 2341 1154 2376 cor·

56 2401 337 2452 Aliinliolsbulentur.
363 2404 447 2452 Situm
459 2411 500 2451 est
512 2403 584 2452 Gne·
626 2404 740 2468 poribus,
762 2402 825 2451 olbis
848 2401 1044 2451 relucentibus
1064 2403 1156 2461 scintis,

55 2468 121 2528 ciem
134 2479 202 2528 inter
213 2485 241 2527 et
253 2477 448 2540 detemptores
459 2478 536 2527 hebet
548 2479 584 2526 in·
625 2479 709 2528 ocreis
721 2479 821 2534 urmuti,
838 2477 937 2526 tunicas
949 2476 1032 2526 induti
1053 2477 1152 2539 nigram

55 2554 124 2602 tuine
137 2554 209 2617 quusi
222 2554 315 2616 possim
329 2553 524 2616 disseminatam
541 2555 585 2604 bo·
626 2569 717 2618 graves
735 2568 809 2602 enses
826 2560 853 2603 et
871 2560 956 2602 rectos
968 2568 984 2601 a
995 2551 1093 2601 dextris
1109 2551 1155 2600 bu·

57 2626 99 2676 die
111 2626 284 2690 Arrbipelogus
293 2629 447 2678 nominetur.
624 2631 703 2680 meris
715 2629 881 2695 quatientes!

89 2703 386 2765 &Nequecertusulgrnt
403 2704 502 2768 Sidera]
520 2705 584 2754 Cum
657 2711 673 2755 6
700 2706 769 2754 Medi
789 2704 902 2767 phoreim
926 2702 1015 2766 decori]
1043 2702 1156 2751 Parthos

58 2778 121 2829 atris
142 2778 254 2827 nubibus
275 2779 391 2828 obducto
415 2782 473 2831 coeli
496 2781 585 2844 iacies,
626 2781 725 2830 indiest
745 2780 881 2829 Medorum
901 2779 1032 2829 victores:
1049 2777 1082 2827 de
1102 2778 1157 2841 qui·

57 2870 109 2903 non
120 2853 235 2903 ostendit
246 2870 278 2902 eo
293 2855 380 2904 sideru
399 2865 472 2906 certa
484 2873 586 2921 semper
627 2858 674 2906 bus
687 2871 706 2906 ι.
719 2856 771 2905 Od.
784 2860 824 2905 12.
843 2864 870 2904 et
882 2860 922 2905 19.
941 2855 1052 2904 arcubus
1075 2868 1157 2903 armu-

57 2931 164 2994 regione
176 2932 340 2993 oppetentia,
352 2932 444 2994 quibus
454 2932 530 2996 dirigi
542 2948 586 2982 nn·
628 2941 668 2983 tos
680 2934 706 2982 in
720 2933 816 2983 Xerxis
835 2933 962 2993 exercitu,
978 2933 1051 2980 testis
1072 2930 1156 2978 Hero-

59 3007 177 3070 vigsutes
189 3007 283 3068 solent,
293 3014 320 3055 et
338 3013 410 3055 tutus
424 3021 481 3057 esse
497 3025 587 3060 cursus
628 3009 682 3059 dot.
694 3008 739 3056 lib.
750 3021 800 3057 vu.
832 3008 948 3066 sagittas
960 3006 993 3054 ub
1006 3006 1108 3066 inguine
1116 3006 1157 3066 jn-

58 3097 89 3132 uc
109 3097 160 3133 nou
180 3082 280 3132 dubius.
309 3082 408 3131 AEneid.
424 3097 443 3132 ι.
455 3088 496 3132 91.
511 3089 518 3113 ·
532 3086 587 3134 Eri·
628 3087 707 3134 coluri
725 3099 771 3135 seu
784 3093 906 3148 torquere
924 3082 1021 3141 solitos,
1033 3079 1156 3127 annotari

57 3159 134 3221 piont
148 3159 234 3208 subito
253 3160 333 3209 nubes
350 3160 495 3223 coelumque
510 3160 588 3210 diem·
628 3163 660 3211 od
673 3164 746 3212 Pers.
758 3164 812 3210 Set.
825 3175 849 3208 v.
861 3165 885 3209 1.
896 3172 927 3207 ex
938 3157 1097 3207 casaubono.

59 3234 276 3295 que'l'euerornrn
289 3248 321 3282 ex
333 3234 423 3283 oculis.
440 3234 524 3283 Ponto
535 3249 586 3284 nox
659 3242 674 3286 7
693 3240 749 3286 Non
764 3235 864 3298 gemmis
883 3249 953 3298 neque
969 3248 1086 3297 purpura,
1101 3232 1156 3294 tyn]

58 3308 165 3357 incubat
186 3307 258 3357 etro!
287 3312 382 3359 Lucan.
395 3311 402 3338 ‘
414 3312 518 3361 miseros
538 3311 587 3362 iai·
628 3313 686 3362 Non
699 3313 792 3361 emitur
813 3318 859 3359 aut
871 3308 1053 3357 venditurullo
1071 3308 1157 3369 pretio

58 3384 139 3433 lentie
151 3391 242 3433 neuter
254 3385 344 3433 Sidera
355 3401 405 3435 nou
417 3386 564 3451 sequimur!
627 3388 742 3438 liberulis
760 3387 804 3435 illu
816 3385 892 3433 enimi
904 3398 956 3447 pur
967 3389 995 3433 et
1014 3382 1157 3445 tranquilli·

29 3451 34 3455 ’
91 3459 363 3518 botiumbellosurioru
373 3463 473 3525 Thrace]
491 3464 586 3513 lume·
629 3471 680 3524 tus,
707 3464 784 3511 immo
813 3475 941 3523 generosa
968 3461 1060 3519 virtus,
1082 3472 1158 3521 qoem

49 3533 109 3583 'diis
122 3535 181 3584 belli
192 3536 314 3599 perieulis
326 3542 353 3583 et
364 3539 483 3586 aerumnis
496 3536 586 3599 fatigo·
628 3551 732 3586 movere
752 3543 797 3585 sut
817 3542 956 3585 concutere
976 3534 1038 3582 nillil
1062 3539 1158 3595 potest.

60 3612 299 3672 commonentem
316 3610 426 3660 maxime
447 3612 587 3676 bellicosos,
630 3614 693 3661 Eam
707 3626 767 3660 vero
786 3611 835 3659 sibi
854 3619 929 3673 perot
951 3609 1064 3673 quisquis
1080 3605 1159 3654 affec·

61 3685 140 3734 otium
158 3686 324 3736 desiderunt:
341 3688 382 3736 vix
398 3695 484 3736 tumen
498 3697 588 3751 poster
631 3692 673 3736 tus
686 3694 763 3750 atque
776 3686 909 3748 appetitus
922 3686 991 3747 cogit
1003 3683 1097 3732 rationi
1107 3695 1159 3728 mo·

59 3759 128 3808 bello
145 3762 286 3823 abstineut,
297 3762 389 3826 praedu
400 3765 539 3815 alliciente.
631 3778 684 3812 rem
697 3777 788 3826 gerere
801 3771 827 3810 ct
840 3762 1029 3823 obtemperare.

94 3837 195 3886 Furioru
207 3840 307 3903 Tbruce]
324 3839 365 3890 An
385 3839 454 3904 quod
472 3842 536 3889 utris
552 3843 587 3890 in·
661 3846 677 3890 9
694 3842 750 3888 Non
761 3840 822 3887 enim
835 3854 911 3900 gaza.
923 3835 975 3897 tro]
993 3833 1049 3880 Nec
1060 3828 1157 3881 diviti&

59 3910 155 3959 foresti
175 3916 268 3975 regulis
289 3916 346 3980 (qui
367 3917 500 3964 Furiarum
517 3917 588 3966 color
629 3929 678 3964 nec
697 3914 839 3977 dignitates
857 3910 994 3961 conterunt
1013 3903 1157 3956 immunito·

59 3986 116 4050 est)
127 3985 159 4036 sd
178 3987 273 4036 bellurn
294 3991 439 4053 procedunt
457 3992 589 4040 Thraces?
631 3998 682 4040 tcrn
695 4005 711 4037 u
721 3989 789 4038 curis
801 3995 826 4035 et
840 3980 1054 4034 solicitudinibus.

62 4061 104 4112 Αιι
116 4062 186 4128 quod
204 4065 314 4114 terribili
331 4067 435 4132 specie?
460 4066 502 4117 stc
519 4066 588 4130 opud
663 4065 798 4114 Consularis
809 4062 889 4124 lictor]
904 4057 1028 4114 Minister
1038 4059 1156 4124 publicus
