2408 4200
405 233 438 291 Q·
463 232 619 281 nonanti
647 233 780 281 runco!

224 374 355 456 Regina
369 375 537 439 dementes
551 376 677 451 ruinas,

265 475 379 538 Funus
393 484 427 538 et
443 476 591 558 Imperio
605 476 759 558 parabat,

179 573 409 639 Contaminata
425 595 500 639 cum
516 596 613 658 grege
627 576 771 656 turpium

173 673 294 739 Morbo
310 677 464 752 virorum,
480 677 645 757 quidlibet
656 677 821 758 impotens
1101 676 1143 739 10

222 776 375 858 Sperare,
392 777 592 857 fortunaque
608 776 699 839 dulci

265 875 376 940 Ebria.
422 874 486 938 Sed
503 877 622 940 minuit
636 875 779 937 furorem

52 1052 122 1087 nese
138 1038 276 1088 moliebatur
294 1038 389 1100 meins
406 1040 525 1087 meusim
539 1054 591 1094 cess
606 1045 684 1088 tem
694 1040 763 1098 Joedu
773 1039 892 1088 Maianis
907 1040 945 1087 lec
961 1038 1145 1101 inquinatorum,

53 1102 114 1150 nibil
132 1117 178 1151 nott
195 1103 240 1151 rili
251 1110 336 1151 temere
345 1104 599 1165 praetermorem
608 1103 706 1161 furente
715 1105 856 1152 dementato.
894 1102 979 1151 Verrem
990 1104 1084 1162 sutum
1096 1101 1146 1161 ejus

512 1227 585 1249 ‘een
588 1226 690 1245 ΜΝ

57 1306 186 1357 nnn-o
203 1308 321 1371 Scaliger
333 1309 364 1356 ad
374 1308 468 1356 Anson.
478 1307 554 1370 idyll.
564 1323 603 1357 ιι.
613 1315 652 1359 lu.
667 1309 713 1358 Ed.
721 1310 786 1359 Tull.
797 1324 821 1370 p.
831 1313 888 1358 dds.
900 1308 968 1372 conj.
978 1309 1144 1358 contaminato

55 1387 179 1434 congrege,
203 1374 285 1420 etsie
306 1371 389 1421 edidit
410 1372 539 1434 Crnquinr
557 1389 589 1420 ex
611 1374 692 1422 tribns
710 1374 787 1423 codd.
808 1374 1000 1434 manuscriptis,
1020 1373 1147 1436 probante

56 1435 165 1484 Berthio
178 1436 202 1482 in
214 1434 321 1483 Advers.
335 1439 421 1484 urnii.
439 1444 468 1484 ut
478 1436 520 1489 sit,
530 1451 645 1498 congrege
656 1439 734 1486 morlo
744 1442 806 1486 conl.
817 1443 882 1499 lurp.
895 1438 1007 1498 virorum,
1021 1439 1037 1485 i.
1050 1452 1073 1485 e.
1087 1453 1149 1486 cou-

56 1515 149 1562 qreges
162 1499 209 1547 sibi
220 1500 316 1547 babens
329 1500 460 1548 morbosos
477 1503 667 1549 contaminatos
680 1510 768 1563 turpes
780 1502 862 1548 viros:
880 1502 924 1549 red
941 1502 1006 1548 lianc
1018 1502 1147 1564 conjectu·

60 1578 111 1610 runt
124 1563 247 1610 damnant
261 1563 346 1610 Bentl.
363 1563 398 1610 H·
413 1563 503 1624 Steplr.
517 1572 545 1610 et
559 1562 628 1610 dani.
649 1564 751 1624 imperio
762 1565 860 1624 parabat
881 1566 1045 1612 Contaminuto
1059 1566 1148 1627 jungit

57 1626 266 1672 Marcilium-ld
279 1627 329 1672 Pro
342 1626 427 1672 Morbo
438 1628 542 1674 virorum
554 1627 640 1675 Bentl.
650 1629 719 1689 conj.
735 1629 929 1688 Opprobriorrrm,
939 1629 964 1674 lr.
975 1643 998 1674 e.
1012 1629 1148 1689 bominum,

58 1687 101 1750 qui
110 1688 214 1734 humaui
223 1688 324 1748 generis
337 1689 474 1749 opprobria
486 1698 553 1737 sunt.
572 1690 682 1738 Bentleii
697 1692 852 1747 insectator,
861 1692 903 1772 qni
913 1691 1080 1738 Bentleianss
1095 1694 1148 1740 No-

58 1758 99 1798 tss
112 1751 220 1825 Anglice
232 1750 354 1811 reddidit,
366 1751 462 1813 (Lond.
476 1750 561 1815 titt.)
574 1753 605 1800 sd
624 1753 709 1801 ‘luem
724 1767 860 1801 veneream
891 1756 915 1801 li.
929 1754 943 1799 l.
956 1754 1071 1803 alludere
1083 1754 1148 1803 iacit

59 1815 215 1862 Bentletum.
250 1816 314 1861 Orio
324 1817 435 1873 uirorum,
452 1817 476 1864 lr.
488 1830 511 1864 e.
523 1817 578 1864 siue
590 1816 661 1875 viris,
672 1818 742 1879 conj.
755 1817 806 1864 Bos
820 1815 906 1864 duim.
918 1816 950 1863 ad
963 1816 1054 1865 Horat.
1072 1833 1097 1880 p.
1107 1822 1148 1865 34.

60 1878 144 1925 Morbo
155 1878 268 1940 Syrorum
285 1880 353 1941 conj.
372 1879 447 1927 Witlr.
463 1886 491 1928 et
508 1883 545 1929 sic
561 1881 651 1930 Joues.
664 1881 690 1928 in
702 1881 763 1928 Ver.
776 1881 849 1929 Lect.
882 1880 1051 1928 Semivirormn
1066 1881 1149 1929 codex

57 1942 207 1989 Vossianus.
247 1941 287 1991 Cf.
305 1943 427 1992 Juvenal.
447 1957 490 1992 ιιι.
508 1949 549 1993 62.
567 1958 629 1992 νιιι.
651 1948 707 1993 159.
725 1945 835 1993 Csssub.
853 1944 884 1992 ad
905 1944 980 1992 Pers.
1003 1959 1028 1992 v.
1048 1960 1073 2006 p.
1094 1949 1149 1993 18⁵.

59 2005 146 2055 Burin.
158 2014 186 2053 et
198 2005 289 2055 Heius.
299 2009 330 2054 sd
343 2007 421 2056 Ovid.
434 2008 504 2057 Fert.
517 2022 547 2057 ιι.
558 2012 616 2058 472.
632 2008 748 2071 quodlibet
762 2009 870 2057 Locher.
885 2008 992 2058 Venett.
1005 2016 1032 2057 et
1049 2010 1149 2058 Febris.

551 2117 660 2168 NOTAE
672 2160 676 2168 .

93 2219 107 2263 7
128 2214 220 2275 Regino
234 2215 350 2262 dementes
366 2214 458 2276 ruinas,
470 2215 553 2263 Ferreus
563 2222 586 2263 et
626 2224 805 2279 corrumpetur
818 2223 936 2277 utraque,
947 2223 1040 2264 neutra
1056 2230 1154 2277 perma-

64 2291 164 2351 lmperio
172 2288 280 2351 poesim,
291 2289 344 2351 lic]
357 2290 438 2338 Recte
450 2290 588 2338 observant
628 2299 705 2349 ueat;
723 2290 788 2352 quod
800 2289 901 2350 quidem
918 2290 1075 2351 spadonibus
1086 2306 1155 2338 com·

61 2367 130 2414 docti
143 2366 473 2426 Interpretcs,mentionern
486 2365 588 2414 lricAu·
629 2365 704 2426 petit.
737 2364 803 2412 Nam
824 2377 857 2409 ex
878 2364 958 2424 Greg.
983 2364 1104 2410 Naaiane.
1127 2366 1153 2412 iu

63 2442 125 2489 tonii
137 2439 192 2486 lieri
202 2441 306 2500 nullam,
316 2441 361 2488 sed
372 2441 517 2501 Cleopatra»
526 2439 589 2484 dun·
631 2439 751 2500 Epitaplr.
764 2439 852 2486 Basilii
872 2439 971 2500 Magni,
982 2440 1049 2486 inter
1067 2441 1154 2488 mulie·

63 2522 150 2572 taxat,
169 2523 221 2562 tum
239 2517 306 2576 qnod
324 2531 338 2561 e
356 2516 424 2561 civili
441 2515 507 2560 bello
520 2514 589 2560 nulla
630 2529 669 2562 rer
686 2516 733 2562 riri
746 2528 801 2562 esse
813 2514 941 2574 ridentur,
955 2516 1021 2563 iuter
1034 2517 1101 2563 viros
1111 2531 1155 2563 an·

63 2587 184 2645 triumplu
203 2595 290 2634 manet
301 2588 392 2646 gloria,
404 2597 457 2635 tum
467 2589 527 2651 quia
537 2589 589 2636 vnl·
631 2599 682 2638 tcm
700 2597 759 2638 snut
776 2590 905 2650 mulieres,
919 2589 950 2636 ad
962 2590 1082 2638 obscoena
1095 2604 1155 2638 vero

63 2674 94 2722 qo
110 2659 246 2707 dicebatur
263 2660 354 2708 mulier
366 2663 485 2726 AEgyptia
497 2664 590 2711 Rome·
630 2664 752 2726 quaelibet
765 2665 927 2726 paratissimi.
955 2664 1158 2729 Hincseqnitur,

63 2748 123 2783 nuru
146 2731 268 2782 affectare
287 2734 436 2797 Imperium.
466 2740 532 2788 Flor.
550 2754 588 2789 tv.
630 2755 681 2787 cum
701 2754 776 2801 grege
794 2740 898 2801 turpium
919 2740 1009 2788 lilerio.
1045 2742 1157 2791 Quidam

66 2816 105 2859 ll.
117 2811 154 2859 ita
165 2811 272 2859 scribit:
289 2814 296 2838 ‘
310 2812 391 2859 Furor
401 2811 516 2873 Antonii,
527 2830 587 2877 qna·
630 2816 717 2876 legunt
735 2830 859 2876 congrege.
892 2816 974 2863 Porro
990 2815 1158 2863 contaminati

64 2893 139 2931 tenus
156 2885 253 2934 ambitu
273 2901 322 2934 non
342 2887 471 2946 interiret,
484 2889 544 2934 luxu
562 2896 588 2934 ct
630 2897 767 2950 turpesque
790 2891 887 2948 morbo,
905 2906 948 2936 seu
967 2891 999 2937 ob
1020 2890 1158 2937 emascula-

64 2959 169 3008 libidine
180 2962 311 3009 extinctus
328 2969 376 3011 est.
409 2964 514 3025 Quippe
532 2971 589 3026 post
631 2963 735 3023 tionem,
746 2979 790 3010 sen
803 2965 835 3010 oli
846 2965 994 3010 ciuaedicam
1004 2964 1159 3012 foeditatern.

66 3034 185 3090 Parenos,
207 3050 264 3083 curn
286 3051 378 3085 exosus
396 3053 467 3085 arma
489 3038 514 3085 in
536 3033 589 3085 otio
630 3039 912 3089 immansuetum.
929 3039 1029 3099 ‘Hispo
1039 3039 1108 3085 subit
1116 3040 1159 3101 ju·

66 3114 591 3178 ageret,cuptnsamorcCleopatrae‚quasi
631 3127 727 3171 venes;
743 3122 770 3161 et
782 3113 870 3160 morbo
883 3114 963 3173 pallet
974 3113 1100 3176 utroque!

68 3185 134 3232 bene
152 3187 231 3246 gestis
252 3187 336 3244 rebus,
355 3189 380 3235 in
399 3189 470 3250 regio
488 3204 515 3236 se
535 3189 591 3237 siun
666 3193 696 3235 ll)
709 3188 830 3242 Quidlibet
840 3189 951 3249 impotens
964 3188 1075 3249 Sperore]
1093 3190 1160 3237 Sunt

66 3259 209 3309 reficiebat.
244 3263 309 3310 Haec
327 3265 416 3311 mulier
428 3266 546 3327 AEgyptia
559 3265 592 3312 eb
632 3263 674 3324 qui
686 3264 900 3325 interpretentur,
909 3262 983 3309 valde
994 3271 1084 3325 potens
1095 3280 1102 3321 ;
1114 3263 1160 3311 sed

67 3337 139 3384 ebrio
154 3337 314 3398 imperatore
332 3343 443 3400 pretium
460 3342 591 3389 libidinum
633 3338 674 3384 alii
693 3338 793 3394 melius,
812 3339 892 3398 impar
905 3346 932 3383 ct
945 3338 1070 3398 impotens
1081 3338 1160 3385 anthi·

69 3411 209 3458 Romanum
230 3411 366 3473 lmperinm
389 3416 471 3474 petit,
488 3423 514 3462 et
533 3431 591 3476 pro·
632 3415 728 3461 tionem
738 3412 991 3474 frenarequidlibet
1000 3421 1097 3460 temere
1107 3428 1162 3473 spe·

68 3487 138 3533 misit
154 3486 296 3534 Antonius:
320 3490 391 3550 quusi
409 3488 507 3536 facilior
526 3499 594 3538 esset
635 3487 716 3534 rabat.
750 3488 792 3533 Sic
805 3488 872 3533 enirn
885 3488 927 3549 qni
940 3502 966 3533 se
980 3490 1113 3535 continere
1128 3488 1159 3535 ab

70 3560 167 3608 Partlto
182 3562 317 3609 Romanus.
349 3562 430 3619 igitur
442 3562 594 3610 dominatio·
634 3564 729 3609 illicitis
748 3564 846 3624 nequit,
863 3565 901 3609 sni
914 3564 1008 3612 ‹liritnr
1026 3579 1075 3610 non
1093 3579 1160 3611 corn·

69 3650 126 3682 nem
143 3650 243 3698 parare,
260 3650 307 3684 nec
325 3638 418 3695 tacite;
436 3637 595 3698 seilpatriu,
635 3652 691 3698 pos,
715 3647 741 3683 et
765 3639 841 3683 animi
866 3639 1013 3698 impoteus;
1043 3641 1158 3700 qnoniam

70 3712 188 3768 nominis,
202 3721 280 3772 togae,
290 3709 396 3759 fascium
410 3712 513 3772 oblitus,
526 3720 595 3759 totns
637 3711 753 3771 allectus,
766 3721 858 3769 motus,
875 3713 1033 3773 cupiditates
1051 3729 1100 3760 non
1119 3728 1159 3758 vs·

71 3785 95 3830 in
109 3795 248 3834 monstruni
265 3785 333 3834 istud
352 3796 379 3832 ut
397 3795 480 3833 urente
493 3788 530 3833 ita
542 3788 595 3834 ani·
636 3788 672 3834 let
684 3788 814 3845 correcte,
829 3788 904 3834 immo
924 3788 956 3834 ab
968 3789 998 3835 iis
1011 3789 1100 3842 victus,
1111 3787 1160 3834 lntc

71 3872 113 3905 nro
124 3877 225 3924 quoque
237 3869 263 3909 et
275 3862 344 3908 cultu
358 3861 517 3916 desciverat:
528 3867 577 3910 &o
636 3864 696 3910 illuc
709 3872 736 3910 nt
749 3877 837 3909 servus
851 3864 967 3910 trahitur.

104 3938 119 3978 ll
138 3937 314 3999 contaminato]
333 3938 371 3985 Ex
390 3939 503 3997 Donato,
516 3939 523 3964 ‘
536 3953 595 3986 con·
671 3943 700 3984 12
717 3940 765 3986 Sed
775 3939 858 3984 minuit
863 3939 970 3994 furorem
987 3938 1033 3983 l'ix
1044 3952 1098 3996 unu,
1110 3939 1162 3999 iso]

73 4008 209 4058 taruiuare’
226 4024 266 4062 est
279 4028 333 4061 rem
345 4014 380 4062 rei
392 4014 428 4062 sic
441 4014 558 4077 miscere,
568 4022 597 4063 nt
637 4013 710 4062 Bene
727 4015 831 4077 scripsit
846 4014 960 4077 quidam:
977 4014 984 4038 ‘
999 4012 1113 4062 Fortuna
1127 4017 1163 4061 ri·
