2408 4200
49 248 112 315 tat
408 266 442 324 n.
466 263 625 313 notarri
648 263 781 315 rsacm

178 405 291 482 Hunc,
306 412 339 470 ct
354 406 509 470 incomtis
522 405 658 469 Curium
674 407 807 488 capillis

179 506 303 570 Utilem
318 508 405 570 bello
421 507 507 582 tulit,
522 510 556 569 et
570 503 744 568 Camillum

178 605 278 669 Saeva
293 616 484 689 paupertas,
499 614 534 669 et
547 606 657 670 avitus
672 613 752 686 apto

434 704 516 768 Cum
531 705 600 768 lare
613 703 746 767 fundus.

50 870 73 912 et
87 865 185 913 Curiam
204 866 305 928 impexis
315 864 420 914 eriailras
436 865 494 913 belle
513 864 630 925 idoneam,
647 865 738 926 pariter
753 870 777 913 et
795 864 918 912 Camillam
933 866 1045 926 medard
1061 864 1138 925 inopia

50 930 141 990 darier,
151 935 173 976 et
183 930 275 991 patrias
285 931 375 990 agellus
386 943 438 977 eam
449 931 515 976 domo
527 929 686 977 momente.
720 928 829 975 Marcelli
845 942 917 990 perro
933 942 1016 976 semea
1032 928 1138 988 augescit

504 1052 547 1072 on
550 1052 682 1073 mom

53 1132 127 1180 Deus.
139 1136 164 1181 a.
180 1133 283 1194 inriguis
293 1134 463 1191 reseram-ll
483 1133 555 1183 Hane
566 1140 589 1182 et
599 1135 700 1184 lutearia
710 1134 774 1183 citat
785 1133 895 1185 Quintil.
907 1146 946 1182 tx.
957 1137 1047 1182 9.-43
1065 1133 1139 1181 Saar-

52 1200 77 1241 ta
87 1201 214 1258 paupertas
227 1197 296 1259 conj.
307 1198 394 1246 Bentl.
412 1196 481 1247 Lata
490 1203 617 1261 paupertas
629 1199 751 1258 Crusius;
777 1199 851 1246 Casta
868 1203 995 1259 paupertas
1011 1197 1091 1246 With.
1106 1210 1138 1244 ex

546 1325 652 1376 NOTAE

82 1426 112 1470 ll
130 1422 209 1482 Hanc,
219 1427 242 1469 el
253 1410 360 1470 inermia
369 1423 466 1470 Curiam
476 1421 575 1483 capillis,
616 1419 729 1483 ejusdem
742 1420 826 1469 Valer.
839 1434 870 1469 tt.
881 1426 905 1470 li.

50 1496 103 1559 irc]
120 1497 248 1543 Virtutem
262 1504 417 1557 paupertate
429 1497 576 1554 educatam,
651 1494 760 1557 Cariam]
783 1495 875 1543 Curius
898 1496 1028 1543 Dentatus
1047 1499 1139 1541 ‘exac-

51 1584 82 1617 ae
93 1568 218 1617 celebrem
231 1568 334 1629 factam,
344 1572 368 1616 iu
380 1570 460 1618 tribus
472 1569 575 1617 summis
618 1569 715 1617 tissima
726 1582 814 1615 norma
831 1568 952 1614 Romanae
973 1565 1139 1628 frugalitatis,

51 1643 111 1689 viris
131 1656 188 1689 eum
203 1642 314 1690 Horatio
330 1656 461 1702 venerere,
478 1643 576 1701 lecton
616 1638 1140 1702 ldemqnefortitudinisperspectissimum

50 1714 75 1762 in
101 1713 230 1774 Fabricio,
254 1714 281 1761 ia
304 1715 392 1777 eurio,
415 1717 440 1764 in
459 1717 576 1766 camille.
614 1714 753 1777 specimen,
769 1713 913 1761 Samnitum
934 1713 1026 1774 legatis
1045 1713 1141 1773 agresti

51 1789 107 1838 llos
117 1790 248 1837 enimvero
260 1806 323 1839 mn
339 1798 473 1854 paupertas,
489 1793 514 1841 ld
527 1798 575 1849 est,
616 1801 644 1835 se
661 1789 687 1835 in
702 1800 804 1835 scamno
816 1786 968 1834 arridentem
982 1785 1140 1849 loco‚atqne

50 1877 141 1925 magna
167 1862 311 1926 frugalitas,
332 1867 416 1914 tenuis
439 1866 575 1916 admodum
615 1861 701 1923 ligneo
712 1862 801 1910 catillo
811 1869 954 1908 conantem
966 1861 1067 1923 (quales
1078 1874 1141 1921 epu·

50 1954 91 1989 res
110 1939 251 2000 familiaris,
273 1940 406 1998 fnndnlus,
430 1957 475 1992 seu
494 1957 577 2005 pauca
615 1935 1141 2000 las,apparatnsindicioeet)spectandum

48 2016 104 2074 agri
120 2015 212 2076 jugera
231 2014 281 2062 sibi
299 2016 331 2063 ab
348 2017 401 2064 aris
414 2017 514 2076 relicta,
525 2030 578 2064 cam
617 2011 745 2073 praebuit!
758 2011 806 2058 llle
817 2024 903 2058 eornm
916 2009 1143 2057 divitiascontem·

50 2090 100 2137 lare
110 2095 173 2149 apto,
185 2089 211 2136 id
224 2096 274 2151 est,
292 2091 387 2152 pariter
399 2090 509 2146 modico,
521 2089 578 2138 bello
617 2087 668 2134 sit:
687 2092 866 2148 paupertatem
884 2084 940 2146 ejus
956 2084 1082 2132 Samnites
1099 2087 1144 2131 mi·

52 2165 122 2210 alites
139 2162 211 2210 lecit.
247 2163 373 2212 Nimirum
394 2166 463 2213 rictu
485 2177 577 2226 aspero
619 2161 667 2209 rati
690 2168 758 2209 aaut.
792 2157 967 2208 Offereutibns
992 2172 1080 2205 aurum
1103 2172 1142 2205 re·

52 2239 164 2287 indurati
182 2240 213 2286 ad
234 2240 358 2299 laborem,
375 2255 472 2289 mortun
490 2248 575 2288 antem
617 2235 737 2297 spondit:
757 2235 836 2282 Malle
853 2247 881 2280 se
893 2237 900 2259 ⁴
914 2233 1085 2293 locupletibus
1098 2233 1144 2280 irn-

618 2322 799 2371 perare,qnam
808 2308 890 2369 ipsrtm
899 2306 953 2353 lieri
963 2308 1117 2367 locupletem
1126 2307 1143 2354 :’

617 2391 644 2431 et
655 2384 758 2430 Curium
775 2384 782 2409 ‘
794 2396 842 2429 nec
850 2381 906 2429 acie
917 2381 993 2438 vinci,
1005 2394 1052 2426 nec
1065 2395 1142 2440 pecn-

52 2314 201 2376 integritate
219 2312 250 2359 ad
269 2315 389 2362 virtutem
406 2329 506 2363 omnem
525 2312 576 2361 lor·

51 2389 123 2442 anati,
140 2389 271 2449 egregiam
288 2388 447 2448 Reipublicae-
460 2384 575 2433 difficilli-

53 2466 100 2511 rnis
114 2464 269 2524 temporibus
281 2478 384 2524 operam
402 2471 576 2521 navaveruut;

52 2550 102 2582 non
116 2544 167 2582 tam
179 2550 231 2581 suae
247 2550 323 2595 qnam
343 2537 452 2596 publicae
470 2536 576 2583 utilitati

53 2609 201 2657 studentes:
220 2607 287 2654 unde
302 2617 329 2656 et
341 2623 462 2656 summum
476 2609 576 2657 landent

52 2682 183 2730 consecuti
197 2689 263 2728 strat.

85 2756 169 2817 Hanc]
189 2756 288 2816 Nempe
307 2756 336 2803 C.
353 2757 499 2804 Fabricium
518 2761 576 2806 Lus·

53 2831 146 2889 einum,
164 2836 203 2876 ter
221 2828 368 2889 Consulem,
384 2831 415 2877 de
433 2845 482 2892 quo
501 2840 574 2881 ante:

53 2915 81 2952 et
99 2905 185 2952 Valet.
205 2905 312 2951 Maxim.
329 2918 367 2953 tv.
379 2910 403 2952 3.
421 2905 447 2952 la
460 2906 467 2930 ‘
479 2907 577 2953 bonori-

54 2981 100 3027 bus
112 2986 139 3026 et
151 2980 305 3026 alletoritate
317 2981 384 3026 onrtti
397 2980 503 3027 civitate
514 2988 576 3028 tent·

54 3055 158 3117 poribus
170 3056 221 3101 suis
234 3055 324 3116 nrajor,
336 3069 413 3102 censu
426 3069 473 3117 par
484 3056 578 3103 unicni-

55 3144 104 3193 que
114 3130 276 3191 pauperrimo
288 3145 294 3187 3
313 3145 327 3176 a
339 3130 506 3189 Samnitibus,
516 3145 577 3192 quos

55 3204 187 3251 univerros
210 3203 234 3250 in
252 3204 375 3251 clientela
397 3203 516 3263 babebat,
535 3205 578 3251 de·

55 3292 109 3326 cem
129 3279 195 3336 aris,
209 3284 235 3323 et
247 3277 358 3338 qtrinquc
370 3278 454 3338 pondo
470 3280 579 3339 argenti,

55 3353 213 3413 totidemque
224 3366 310 3397 servos
319 3353 368 3397 sibi
376 3355 580 3411 missos,inSant·

617 2456 659 2503 nia
681 2456 810 2517 eorrumpi
834 2454 926 2515 posse,'
943 2457 991 2502 dre.
1011 2468 1067 2516 quae
1086 2455 1142 2515 lege

617 2530 683 2590 apud
701 2530 790 2577 Valet.
809 2529 915 2576 lllaxim.
933 2542 970 2577 tv.
986 2534 1009 2576 3.
1037 2529 1103 2576 Vide
1116 2539 1143 2577 et

618 2604 751 2653 Aurelium
763 2604 896 2652 Victorem
909 2604 941 2650 de
952 2604 1021 2651 Viris
1032 2604 1143 2651 lllustri·

618 2680 674 2740 bus,
684 2679 738 2727 Cic.
749 2679 781 2727 de
793 2678 944 2736 Senectute,
957 2681 1006 2724 dre.

650 2755 762 2802 laeomtt's
791 2755 889 2801 Curiata
911 2753 1013 2814 capillis]
1041 2755 1143 2814 Legunt

617 2830 731 2892 quidam,
743 2846 800 2878 cum
819 2832 979 2881 Quintiliano
992 2832 1093 2892 quidem
1106 2844 1144 2878 tx.

619 2908 642 2951 3.
653 2905 865 2966 intonsiscapillis:
875 2907 972 2953 scillcet
984 2907 1071 2966 priscis
1082 2913 1144 2952 tent·

619 2978 722 3039 poribus
735 2979 845 3025 nondum
865 2988 939 3026 erant
958 2981 1044 3025 Rornae
1059 2988 1144 3025 tonso·

620 3068 675 3101 res:
695 3060 722 3101 et
739 3053 834 3101 cultum
852 3053 1016 3114 negligebant
1033 3054 1143 3100 maxime

619 3132 756 3180 bellatores
769 3130 825 3177 riri.
847 3131 905 3178 lloe
917 3129 1019 3191 quidem
1036 3129 1143 3189 perinde

620 3207 780 3267 significatur
798 3219 843 3266 per
856 3219 942 3250 vocent
954 3205 1079 3251 incomtis:
1098 3205 1143 3253 sed

621 3295 669 3328 nou
693 3280 771 3339 illud;
799 3280 865 3342 quod
888 3294 948 3327 sane
974 3280 1006 3326 ab
1035 3280 1144 3328 Horatio

620 3357 732 3417 spectari
751 3357 881 3416 oportuit:
900 3356 935 3401 ric
949 3355 1024 3402 Ovio.
1036 3355 1105 3403 Faat.
1117 3369 1145 3403 rt.

55 3429 123 3474 nium
141 3426 245 3481 retrusit,
257 3426 423 3471 continentiae
437 3441 490 3473 snae
504 3429 579 3474 bene·
621 3432 693 3477 ‘Hoc
707 3431 773 3490 apud
793 3430 908 3475 intonsos
927 3443 1016 3476 nomen
1034 3431 1145 3478 babebat

53 3504 110 3549 ticio
122 3501 175 3545 stne
195 3498 302 3558 pecnnia
319 3499 455 3558 praedives,
469 3501 521 3545 sine
533 3517 578 3547 usu
621 3505 699 3550 aros!
731 3505 762 3549 Et
777 3504 845 3550 Fast.
864 3518 900 3549 rr.
919 3504 952 3551 de
966 3506 1065 3553 Numa:
1084 3507 1144 3553 ‘Bis

55 3575 156 3620 familiae
174 3571 274 3618 abunde
293 3573 443 3618 comitatus:
468 3573 526 3634 qrria
544 3576 579 3620 lo·
621 3585 699 3636 caput
712 3577 837 3623 intonsum
849 3577 952 3624 fontana
962 3580 1145 3640 spmgiturun·

55 3651 183 3710 cupletem
202 3647 271 3694 illuni
291 3646 412 3705 faciebat,
432 3661 480 3694 uon
501 3648 580 3694 rttrtlta
620 3651 669 3696 da!
703 3652 811 3698 Codices
824 3660 908 3698 tamen
925 3652 978 3698 sere
997 3668 1082 3699 onmes
1101 3655 1143 3697 lra-

55 3723 196 3784 pomirlere,
227 3722 271 3768 sed
297 3722 396 3768 modica
424 3722 579 3770 desiderare.
621 3725 691 3783 beat,
709 3727 816 3773 laceratis
835 3728 1056 3786 &triturantium
1077 3727 1143 3771 uude

57 3797 299 3859 Ergodomusejns,
310 3798 518 3859 quemadmodum
530 3812 580 3846 nere
621 3801 653 3845 ab
671 3815 701 3846 ea
719 3801 829 3847 lectione
847 3808 942 3848 temere
960 3800 1141 3846 discedendum

57 3881 81 3919 et
104 3880 211 3933 argento
234 3880 260 3919 et
285 3873 417 3933 mancipiis
438 3874 580 3920 Samnitum
623 3874 738 3920 transuit.

57 3961 149 4004 vacua,
169 3950 203 3993 ita
224 3950 314 4007 gloria,
337 3963 367 3995 cx
388 3950 425 3996 bis
445 3951 581 3996 contemtis
653 3953 684 3995 42
704 3949 839 4010 Currrr'llum]
868 3951 904 3997 lil.
922 3947 1143 3996 l·'uriusCamillus

58 4027 141 4081 parta,
166 4021 259 4067 retiola
283 4022 347 4081 {ultr
367 4028 416 4070 tic.
463 4025 529 4070 Virla
555 4032 581 4069 ct
623 4026 754 4086 qirittquies
769 4027 886 4074 Dictator
898 4022 997 4079 luit‚dc
1010 4022 1092 4070 Gallis
1107 4028 1143 4074 liis
