2408 4200
491 288 693 339 BXGURSUS

430 541 686 608 EXCURSUS
726 539 774 605 lt.

444 727 492 777 An
512 727 533 776 l.
551 727 614 775 OD.
631 731 655 776 d.
672 729 761 774 t-tt.

55 905 111 953 Vtx
128 910 215 967 potest
229 903 348 967 exprimi,
371 909 531 966 quantopere
547 901 659 962 argntsti
683 899 776 947 sintin
792 900 829 947 liis
853 897 968 947 versibus
985 896 1147 960 explicandis

53 983 144 1045 lntpp.
161 983 221 1033 dnm
232 984 273 1032 val
287 983 372 1032 omnin
390 981 537 1043 allegorice,
547 987 600 1038 aust,
611 979 717 1028 Baxtcri
732 979 818 1038 verbo,
830 977 931 1039 διλίηας
948 992 1078 1039 exponere
1094 982 1147 1025 stu·

55 1061 183 1122 dnemut;
201 1063 240 1111 rel
256 1063 335 1111 nimia
346 1061 463 1110 doctrine
474 1057 624 1108 facillimum
636 1072 739 1108 sensnm
751 1059 902 1107 obruerunt.
936 1058 1021 1106 Facile
1034 1070 1146 1105 corrum-

55 1149 151 1206 puntur
161 1151 239 1206 atque
251 1142 414 1205 abripiuntur
427 1141 472 1188 tali
485 1139 671 1202 interpretandi
683 1140 782 1188 ratione
791 1139 915 1201 juvenum
927 1136 1027 1185 fervida
1037 1135 1149 1197 ingenia,

55 1227 212 1270 enervantur
229 1221 392 1284 pulcherrimi
408 1218 549 1268 Poetarum
569 1219 628 1266 loci.
661 1219 749 1268 Quare
765 1219 832 1275 nt,si
849 1218 875 1265 in
892 1217 983 1265 similia
1000 1215 1149 1272 inciderint,

56 1300 169 1349 retinere
186 1300 286 1349 discant
302 1314 431 1348 assensum
451 1312 534 1353 suurn,
550 1297 673 1361 quasdam
692 1311 770 1360 snpsr
786 1297 825 1346 his
842 1298 958 1346 versibus
976 1297 1149 1359 interpretum

58 1393 138 1442 nugas
150 1380 198 1428 illis
211 1394 354 1443 proponere
366 1380 460 1440 placet.

91 1459 244 1507 Scholiastoe
264 1473 311 1521 per
323 1458 445 1522 ll‘ymphse
462 1457 590 1517 mulieres,
607 1471 655 1519 per
675 1458 776 1506 Gratias
795 1457 906 1519 virgines
926 1455 1035 1517 intelligi
1054 1455 1152 1513 solunt,

58 1554 115 1603 qum
135 1553 194 1586 vere
214 1537 339 1586 redeunte
360 1539 385 1586 in
405 1537 533 1601 publicum
555 1536 666 1597 prodire,
682 1537 823 1596 ambulare,
839 1535 1055 1595 saltarc,ludere‚
1072 1535 1153 1583 nmari

59 1630 146 1665 rtrrsus
159 1616 292 1676 incipiant.
325 1616 369 1662 Sic
381 1624 407 1663 et
425 1614 574 1673 Lambinus,
585 1614 724 1677 Cruqnius,
735 1616 764 1662 Τ.
777 1616 869 1676 Faber,
879 1630 936 1663 cum
954 1628 1049 1676 genero
1060 1622 1086 1663 et
1098 1614 1152 1675 opi·

59 1695 162 1743 nionum
181 1693 418 1748 haeredeDacerio,
442 1694 546 1756 aliique.
579 1693 707 1757 Cruquius
728 1693 792 1742 adeo
809 1696 1035 1756 grucesCyclopnm
1050 1695 1152 1756 qfficiscs

59 1774 92 1823 de
113 1773 287 1820 incalescente
308 1781 367 1820 tunc
386 1773 496 1820 virorum
517 1772 640 1821 adversus
660 1771 777 1821 foeminas
795 1773 886 1821 ardore
906 1772 1008 1819 videtur
1025 1773 1153 1833 accipere.

56 1853 155 1902 Theod.
173 1852 305 1901 Marcilins
325 1852 410 1900 omnia
426 1851 507 1900 refert
527 1853 559 1901 ad
581 1852 712 1901 Kalendas
729 1853 847 1911 Martias,
864 1868 884 1901 s.
901 1851 1067 1913 Matronslia,
1084 1851 1153 1898 omni

59 1945 152 1995 genere
165 1931 264 1980 letitie
279 1930 413 1979 nloeruinir
430 1938 497 1978 acts.
530 1932 623 1979 Eorum
642 1931 793 1994 gaudiorum
806 1932 873 1980 viros
892 1945 994 1980 severos
1005 1945 1055 1978 non
1072 1929 1152 1979 fuisse

59 2011 209 2074 participes,
229 2010 361 2058 hilariore·
383 2016 467 2058 autem
492 2014 521 2058 et
543 2010 702 2070 mulierosus,
722 2010 815 2060 hellam
840 2018 970 2060 venaturoe
993 2010 1152 2058 occasionem

61 2097 161 2154 nactos,
172 2091 240 2137 iuter
252 2091 309 2138 illas
321 2090 435 2137 Veneres
450 2096 477 2136 et
494 2087 599 2138 Gratius
616 2097 716 2151 purtem
728 2091 868 2152 voluptatis
881 2092 996 2155 cepisse;
1013 2097 1040 2138 et
1052 2091 1089 2138 sic
1101 2103 1154 2137 ma·

60 2170 124 2218 ritos
146 2167 293 2216 incubuisse
305 2166 360 2216 fere
378 2167 488 2228 negotiis
498 2166 519 2231 (‘
530 2168 674 2216 Vulcanum
687 2169 781 2218 ussisse
794 2169 940 2231 officinas'),
958 2179 984 2217 at
1002 2184 1093 2217 uxorea
1104 2169 1153 2217 illis

60 2246 271 2297 cornuefecisse.
306 2247 565 2295 Doctrinamvultis?
598 2248 865 2297 lrnmineulemhnnam
883 2249 951 2296 idem
971 2249 1155 2297 lllarciliusait

61 2340 118 2374 esse
140 2327 294 2383 novilunium,
316 2325 446 2385 νουμηνίαν,
465 2326 480 2371 i.
496 2338 520 2372 e.
539 2325 679 2375 Kalendas.
711 2328 753 2375 Sic
773 2333 800 2375 et
820 2328 853 2375 D.
873 2328 1011 2375 Heinsius:
1030 2326 1156 2385 torminis

62 2405 172 2465 σελήνης,
184 2407 200 2455 i.
213 2422 236 2454 e.
254 2404 383 2467 Ισταμένου
392 2404 472 2466 μηνὸς,
484 2406 552 2468 quod
565 2406 598 2454 sit
611 2407 709 2454 initium
726 2407 829 2467 mensis,
840 2420 897 2454 cum
911 2407 982 2453 Luna
1002 2406 1153 2464 inchoetnr;

60 2495 87 2533 et
107 2486 230 2546 iutelligit
250 2487 380 2533 Kalendas
399 2484 512 2546 Apriles,
530 2485 626 2534 Veneri
644 2500 738 2534 sacras.
773 2487 908 2534 Molestior
927 2486 1043 2534 omuibus
1064 2494 1104 2534 est
1123 2488 1154 2535 C.

61 2565 150 2614 Barth.
163 2563 302 2618 Adversar.
319 2576 362 2610 χι.
374 2567 399 2611 ³.
412 2562 443 2610 ad
457 2563 569 2612 rationes
588 2564 653 2613 adeo
670 2567 790 2627 physicas
803 2574 829 2613 et
847 2567 1014 2628 astrologicae
1025 2567 1154 2614 Venerem

62 2649 88 2691 et
102 2643 199 2690 Lunam
213 2656 345 2690 revocans.
378 2644 441 2693 Quis
454 2657 502 2691 non
517 2644 606 2704 sentit,
619 2646 713 2694 talibus
732 2646 838 2707 argutiis
857 2651 938 2694 totum
951 2647 1154 2694 venustissimum

62 2723 213 2785 phantasma
225 2721 315 2775 deleri,
329 2731 409 2770 totam
427 2723 555 2785 picturam
571 2724 696 2772 interire?
729 2726 795 2773 Nam
808 2733 866 2773 utra
877 2740 962 2788 queso
975 2726 1056 2787 imago
1075 2725 1156 2787 magis

62 2803 165 2864 po'e'tica
175 2810 201 2849 et
210 2802 290 2864 lyrica
301 2810 340 2850 est
351 2803 359 2849 i
376 2802 535 2852 foemiuarum
546 2811 573 2852 et
586 2806 728 2866 puellarum
740 2805 810 2865 ides,
821 2821 853 2853 an
865 2806 975 2853 Veneris
985 2820 1041 2853 cum
1054 2805 1155 2853 Gratiis

62 2888 88 2927 et
99 2882 220 2942 Nymphis
232 2883 400 2943 phantasma?
417 2884 547 2932 Vulcanus
558 2898 616 2933 cum
629 2886 795 2947 Cyclopibus,
804 2900 834 2933 au
844 2887 928 2933 mariti
941 2887 1066 2933 Romani?
1084 2886 1155 2932 Luna

65 2972 142 3019 supra
155 2966 236 3020 caput
254 2961 351 3021 lucens,
369 2975 400 3009 nn
422 2961 546 3011 Kalendae
563 2976 577 3010 e
596 2962 686 3009 t‘astisi
719 2963 762 3014 At,
781 2964 872 3024 inquis,
888 2964 965 3024 quid?
981 2965 1000 3009 si
1020 2971 1154 3024 utramque

62 3038 156 3097 ideam,
173 3052 230 3086 cunr
248 3041 386 3102 Venerem,
403 3041 517 3103 Gratias,
535 3041 675 3104 Nymphas,
694 3049 747 3088 tum
767 3042 864 3102 puellas
882 3040 1061 3102 mulieresque,
1078 3042 1155 3089 simul

64 3119 195 3180 cogitem?
228 3121 286 3168 Nou
307 3122 425 3182 equidem
448 3122 598 3171 intercedo:
621 3129 728 3186 possunt
743 3121 846 3169 omniuo
867 3121 954 3168 multis
973 3120 1112 3168 lectoribus
1130 3123 1155 3169 iu

63 3206 173 3247 mentem
186 3201 272 3248 venire
285 3200 396 3250 soensiuae
407 3216 437 3250 uc
451 3204 553 3264 puella,
564 3217 621 3253 cnm
633 3204 665 3252 dc
679 3203 806 3266 Nymphis
823 3217 853 3250 ac
866 3202 962 3250 Gratiis
974 3203 1071 3263 tegunt.
1104 3203 1156 3249 Sed

63 3279 138 3327 uelim
151 3280 272 3327 ostendat
282 3282 341 3327 utilti
362 3283 461 3343 aliquis,
475 3283 533 3331 ideo
543 3293 570 3332 et
586 3285 722 3333 Horatium
734 3284 766 3331 de
784 3284 874 3346 puellis
892 3283 1010 3330 Romanis
1022 3283 1159 3346 cogitasse,

65 3366 101 3417 et,
114 3358 182 3421 quod
195 3364 273 3417 ceput
286 3366 336 3418 est,
356 3360 420 3406 ideae
446 3363 502 3421 ejus
521 3363 698 3424 exprimendae
721 3363 757 3408 illi
776 3361 854 3407 fuisse
872 3363 919 3407 hoc
940 3363 995 3407 loco
1012 3365 1156 3410 consilium.

64 3437 186 3485 Profecto
199 3437 244 3483 tati
256 3437 443 3497 interpretandi
456 3440 530 3486 modo
548 3441 651 3488 tandem
669 3440 700 3485 ad
715 3440 929 3500 perversissimam
943 3440 1157 3490 Baxteriauarum

64 3516 215 3577 dilogiarutu
235 3514 359 3561 rationem
381 3515 535 3562 deferemur.
572 3520 631 3566 Qua
651 3520 728 3580 culpa
740 3532 823 3580 neque
842 3519 924 3580 ipsunt
943 3520 1105 3568 Satsadonum
1124 3520 1156 3568 atl

64 3598 88 3644 lt.
106 3597 122 3642 l.
138 3595 248 3642 eximere
271 3608 383 3655 possum,
395 3595 447 3656 qul,
459 3594 520 3642 licet
541 3596 693 3656 phantasma
712 3596 839 3659 poeticum
858 3599 940 3659 ipsum
954 3614 1004 3645 non
1018 3600 1157 3656 subvertat,

63 3684 148 3723 tamen
166 3676 239 3722 simul
253 3674 322 3721 innui
335 3674 395 3721 lata
409 3688 455 3735 per
468 3680 517 3721 tres
531 3674 589 3722 inde
607 3691 622 3723 a
636 3677 759 3725 Kalendis
774 3678 855 3740 April.
875 3687 963 3725 noctes
977 3680 1116 3740 puellarum
1129 3678 1154 3725 in

64 3756 87 3801 V
90 3756 173 3804 encris
185 3756 305 3803 honorem
317 3755 453 3818 l'errigilia
464 3755 614 3805 arbitratur.
