2408 4200
400 254 435 311 Q.
459 248 616 300 HORATH
641 246 773 296 Firmo!

217 396 330 460 Malus
345 393 510 479 procellis,
526 390 723 455 admiseras
739 406 854 472 preces

260 496 439 560 Decurrere
454 501 489 556 et
500 493 590 556 rotis
605 491 747 574 pacisci,
822 508 830 523 ·

304 594 357 658 Ne
373 594 504 676 Cypriae
518 592 698 673 Tyriaeque
714 608 837 654 merces

219 695 469 759 Adduntnrero
484 691 617 754 divitias
632 690 732 752 meri:

219 797 314 859 Tunc
329 814 381 857 me
396 793 530 855 biremis
543 789 699 872 praesidio
714 788 849 870 scaphae

260 895 380 959 Tutum
397 912 455 974 per
470 891 608 970 AEgneos
625 890 784 953 tumultus

304 992 398 1055 Aure
409 990 502 1067 seret,
516 991 729 1072 geminusque
744 987 876 1051 Pollux.

55 1206 101 1240 ιιοιι
111 1194 141 1240 ed
152 1207 187 1240 me
198 1191 284 1239 attinet
301 1188 426 1250 confugere
440 1189 471 1235 nd
489 1191 543 1236 note
562 1187 677 1248 lectrum,
687 1191 711 1234 rt
726 1185 833 1247 precibus
847 1183 951 1232 obtinere
960 1197 989 1230 er
1002 1181 1103 1245 Cypria
1114 1183 1157 1232 rel

56 1257 135 1318 Tyria
146 1269 234 1303 mercer
243 1253 304 1302 errori
314 1254 383 1302 cnido
394 1266 448 1314 oper
465 1251 603 1312 adjungent.
640 1251 698 1298 iiim
709 1251 779 1298 etium
792 1264 827 1296 mr
838 1263 943 1296 recem
953 1252 1038 1294 orntrrr
1048 1247 1112 1294 lertio
1122 1260 1153 1293 ec

53 1320 162 1379 geminus
173 1319 260 1366 Pollux
275 1332 317 1379 per
327 1316 419 1379 fluctu
430 1317 525 1377 AEgaeor
536 1315 602 1363 verer
612 1327 654 1375 ope
664 1315 779 1362 remmio
789 1315 846 1361 duur
855 1325 931 1360 remor
941 1309 1058 1359 lauaem

509 1454 690 1474 numme

59 1555 136 1602 Dere-
146 1559 171 1603 2.
189 1555 311 1616 Syrioeque
322 1555 431 1603 Mentel.
442 1555 513 1616 Lipr.
524 1559 548 1602 t.
564 1553 639 1602 codd.
652 1561 677 1600 et
690 1552 748 1600 edd.
765 1567 807 1614 ep.
818 1549 927 1612 Cuning.
942 1554 970 1597 et
988 1548 1025 1597 ric
1037 1547 1153 1610 Coning.

56 1617 150 1665 Sannd.
164 1618 278 1672 ennete,
291 1627 317 1665 et
327 1619 439 1666 Towere.
454 1631 545 1678 ruaeque
557 1617 627 1678 Lipe.
638 1621 661 1664 4.
672 1616 739 1664 houd
758 1615 835 1662 dubie
848 1629 862 1662 e
874 1613 1070 1676 Spioque-62
1083 1611 1154 1660 stre

58 1680 116 1727 edd.
126 1680 213 1727 Lemb.
232 1680 310 1741 Crnq.
327 1681 445 1728 Torrent.
463 1679 507 1726 red
520 1680 574 1727 eine
586 1681 714 1728 mentione
730 1678 805 1727 codd.
817 1678 969 1740 omninoque
984 1675 1038 1723 fere
1051 1674 1114 1722 edd.
1123 1683 1154 1724 et

59 1745 97 1791 eie
111 1741 185 1790 Harl.
196 1747 220 1790 2.
235 1747 258 1790 8.
271 1748 296 1792 4.
308 1749 331 1790 ⁵.
342 1747 366 1791 u.
399 1742 450 1791 Sed
464 1743 522 1791 tum
539 1742 614 1791 Harl.
627 1748 651 1790 1.
672 1742 789 1790 meliores
810 1741 931 1795 Bentleii,
947 1738 1055 1787 Mentel.
1074 1739 1152 1800 Lipe.

59 1811 84 1854 2.
94 1809 118 1854 2.
129 1810 153 1854 4.
165 1805 217 1854 duo
229 1807 475 1865 Berrmenni,Dere.
487 1811 511 1854 2.
524 1806 714 1855 Venetorum.
728 1809 799 1854 1418.
813 1808 883 1852 itte.
896 1807 964 1852 1422.
978 1801 1082 1850 Loeher.
1095 1800 1152 1850 Αι-

60 1883 130 1916 cene.
143 1869 230 1919 Bentl.
243 1870 351 1928 cunina.
364 1869 668 1929 Francie‚Jani,Bipont.
680 1870 783 1918 Miteclr.
795 1868 903 1916 Wetrel.
914 1863 1011 1913 Wakef.
1022 1870 1051 1911 et
1063 1864 1153 1913 Kidd.

63 1933 137 1991 Dum,
153 1932 183 1996 (i.
193 1948 218 1982 e.
235 1933 394 1995 dummodo‚)
406 1933 507 1981 emend.
523 1933 617 1981 Seutd.
634 1941 661 1981 et
680 1934 715 1981 ric
729 1933 795 1980 Sivr.
813 1940 840 1979 et
857 1930 1027 1979 Turrem-6⁸
1047 1926 1152 1974 Nedum

59 2009 102 2055 per
114 1997 208 2055 AEgoeor
226 1997 325 2044 emend.
341 1997 471 2045 swadet
489 1998 548 2044 irinc
564 1996 696 2045 sirm-tid
714 1996 824 2045 Bentleii
838 1996 941 2043 Gelene.
953 1998 981 2040 et
999 1989 1074 2039 Bodl.
1084 1994 1110 2038 l.
1123 1993 1150 2038 2.

62 2059 138 2106 Dese.
147 2063 170 2105 2.
180 2059 220 2107 ed.
233 2059 345 2121 Xylend.
357 2061 445 2110 Bentl.
456 2059 548 2109 Sennd.
558 2061 626 2109 Sivr.
639 2061 752 2121 Franco,
764 2070 790 2107 et
802 2056 960 2116 Kiddferet.

552 2186 658 2236 NOTAE

61 2298 111 2350 Qui
122 2311 184 2361 oper
197 2298 271 2347 eride
283 2307 411 2362 quierunt,
428 2313 458 2346 uc
474 2312 585 2360 peuper·
626 2299 663 2346 rie
681 2299 779 2347 scilieet
796 2303 870 2346 erunt
886 2297 947 2346 orbe
964 2304 1020 2346 toto
1037 2298 1152 2347 celeber.

60 2382 139 2424 tutem
152 2376 222 2423 reiut
232 2390 356 2424 nummum
371 2374 471 2436 lugiunt
483 2375 585 2433 melum,
626 2374 698 2433 rima,
716 2374 816 2436 Cyprus
833 2373 913 2420 insule
930 2374 1007 2421 merie
1023 2373 1151 2423 Mediter-

61 2453 78 2500 ii
92 2451 250 2501 mediomari
263 2459 290 2501 et
302 2451 426 2513 nmrfrrgii
439 2449 585 2497 discrimine
626 2450 706 2511 renel,
719 2449 752 2496 de
763 2464 812 2512 qua
829 2463 847 2496 ι.
863 2447 915 2498 Od.
926 2453 950 2497 8.
963 2456 988 2497 et
1003 2449 1082 2511 'l'yrue
1098 2450 1150 2512 Sy-

61 2544 118 2577 cnm
130 2529 186 2575 Diie
196 2529 366 2590 paciscantur,
375 2539 406 2572 nc
415 2539 467 2571 eure
477 2533 586 2584 pereunt
626 2523 669 2571 riae
682 2524 744 2571 urbe
762 2525 898 2583 maritimo,
916 2531 992 2585 portu
1009 2523 1152 2585 commode,

62 2615 176 2648 merces:
204 2607 230 2647 ot
252 2614 301 2660 ego
321 2599 421 2647 temetsi
444 2597 538 2644 talibus
559 2597 583 2644 in
625 2600 684 2646 olim
698 2599 801 2661 quidem
817 2599 897 2661 probe
915 2600 1015 2646 munite
1031 2604 1059 2647 et
1069 2599 1151 2661 diver,

62 2675 186 2735 augustiis
203 2673 286 2734 fuero,
303 2688 349 2722 nec
368 2687 443 2734 opum
457 2674 584 2734 jacturam
624 2673 957 2736 cleritateetmngnitudine
967 2674 1067 2722 urbium
1078 2674 1153 2722 Piere-

62 2747 167 2806 timebo‚
180 2762 227 2796 nce
245 2748 363 2810 precibue
382 2748 507 2796 redimere
519 2756 584 2799 eutr·
626 2749 699 2796 niciae
712 2750 938 2811 prestantissima:
957 2763 1023 2797 nunc
1035 2748 1060 2796 in
1071 2749 1152 2797 ruinie

63 2837 135 2885 gom:
148 2824 586 2888 etquedivitiurumneglectu,puu·
627 2822 683 2872 fere
695 2825 776 2887 juret,
789 2832 816 2873 et
834 2837 929 2886 paucos
949 2823 1026 2872 lmbet
1044 2823 1151 2872 incolae.

63 2897 223 2960 pertulitque
244 2899 359 2947 honeste
377 2901 496 2962 amplexu
516 2908 585 2949 tutue
628 2898 714 2947 insula
727 2900 823 2962 pridem
836 2908 893 2948 erat
905 2899 972 2947 freto
981 2906 1086 2962 qmtuor
1096 2906 1151 2945 etn-

63 2973 255 3022 eroreiaetm.
288 2973 354 3023 Vide
372 2976 445 3039 hujus
463 2977 520 3024 libri
536 2977 586 3026 Od.
627 2973 1151 3034 diormudivim;audieruudrollleguo

64 3060 107 3096 ιιι.
120 3047 177 3097 init.
628 3050 769 3097 continenti
785 3050 878 3110 juncta
900 3059 946 3098 est.
969 3049 1055 3100 Quint.
1075 3046 1151 3095 Curt.

98 3123 127 3171 Si
144 3125 235 3185 mugiet
257 3123 348 3184 Africis
370 3127 449 3174 dicire
467 3129 586 3191 procellis]
628 3125 671 3174 lib.
684 3139 722 3172 ιι.
740 3124 823 3186 Hujus
836 3127 923 3186 populi
936 3125 1088 3188 navigarunt
1098 3124 1153 3186 pri-

64 3195 92 3241 Si
106 3198 178 3244 novio
195 3197 276 3244 maluo
291 3200 329 3245 vel
346 3208 479 3260 quassatur
492 3203 533 3249 vel
545 3216 588 3249 ex·
628 3201 673 3260 mi,
685 3201 824 3247 ex'lihullo
837 3213 856 3247 ι.
869 3206 892 3249 7.
903 3207 943 3248 20.
957 3203 1061 3250 ‘Primo
1072 3208 1155 3249 tutem

65 3281 152 3315 cursus
170 3269 249 3318 fuerit
266 3286 310 3318 reu
329 3272 417 3321 Africo
438 3284 523 3334 vento,
543 3290 588 3322 ren
629 3274 711 3319 ventio
730 3272 836 3320 credere
856 3273 934 3322 docta
951 3274 1052 3338 Tyrus!
1081 3273 1156 3323 Idem

63 3337 185 3388 fluctibus
197 3345 273 3391 muris
286 3345 402 3395 Africam
414 3348 541 3397 ulltrentie.
629 3346 720 3394 scribit
733 3347 947 3407 Pompon.ll1eln.

97 3417 128 3458 ⁵9
150 3414 218 3461 Votis
229 3419 325 3478 pacieei,
338 3422 377 3467 Ne
391 3422 484 3482 Cyprio
496 3423 587 3482 Tyrio·
659 3425 692 3470 62
712 3422 775 3469 Tune
791 3436 827 3468 me
843 3422 946 3478 biremis,
958 3421 1008 3485 iso]
1029 3422 1092 3467 Tum
1104 3436 1157 3484 ego

64 3499 107 3546 que
118 3499 213 3547 mercer,
223 3490 277 3551 iso]
295 3493 352 3539 Diis
369 3503 428 3539 votn
439 3508 586 3555 nuncupare
627 3491 792 3554 fructuavi,
805 3497 964 3561 perditisque
977 3491 1101 3553 omnibus,
1117 3495 1157 3542 bi-

65 3566 92 3607 et
107 3558 174 3606 doun
193 3563 318 3622 polliceri,
330 3565 351 3610 ei
362 3566 444 3612 selvae
460 3575 588 3626 praesteut
629 3573 693 3619 remi
706 3573 883 3620 tantummodo
896 3570 988 3630 ecnplra
1001 3572 1100 3627 vectus,
1116 3571 1157 3617 ni-

64 3647 172 3691 mermi
198 3636 389 3700 impediuntque
418 3640 586 3704 naufragium.
628 3638 1159 3706 hilominurpacetumeuteeoustnbmper-

66 3709 209 3758 primvm.
225 3716 261 3760 tu.
279 3712 368 3760 ‘Tunc
382 3717 528 3777 praecipmm
546 3733 587 3764 vo·
629 3719 688 3766 inde
710 3734 740 3767 tte
760 3721 781 3767 si
800 3721 892 3767 Castor
914 3723 941 3764 ct
960 3714 1054 3762 Pollux
1077 3715 1159 3769 ducet

67 3792 151 3834 torum
162 3788 232 3835 locue
244 3793 291 3848 eet,
303 3803 359 3836 cum
372 3791 425 3851 spei
438 3792 521 3837 nullus
533 3792 589 3840 est)
629 3792 777 3856 effulgeant.

70 3864 143 3911 Pers.
154 3864 207 3911 Sur.
218 3878 246 3912 ιι.
255 3868 279 3913 2.
289 3868 296 3891 ‘
306 3865 363 3913 lion
377 3875 403 3913 tu
416 3881 494 3928 prece
503 3868 588 3929 poscis
661 3874 692 3914 63
706 3872 800 3927 AEgaeoe
812 3866 937 3929 tumultur]
955 3866 1052 3916 Noster
1064 3882 1094 3919 ιι.
1103 3870 1157 3922 od.

68 3940 170 4000 emaci,'
183 3944 229 3988 &u
630 3948 667 3993 16.
681 3947 704 3992 2.

101 4018 133 4060 uo
146 4017 239 4078 Cypriae
251 4017 371 4080 Tyrioque
381 4016 478 4078 mercer]
497 4018 588 4082 Empo·
661 4023 692 4067 61
708 4019 864 4080 Grmiuueque
877 4018 975 4083 Pollux]
989 4019 1107 4082 Separati
1120 4020 1160 4067 di-
