2408 4200
357 267 563 317 canusuuss
588 229 662 315 nis.
685 264 742 316 su.
764 252 817 316 10.
1083 252 1147 318 att

228 410 397 491 lngratam
412 407 537 472 Veneri
553 427 641 490 pone
655 408 868 491 snperbiam3

230 510 285 573 Ne
301 516 451 574 currente
463 513 535 572 rota
548 508 636 572 lunis
650 516 705 573 eat
718 517 815 574 retro.
1103 512 1147 575 10

227 609 308 674 Non
324 616 355 673 te
369 609 559 691 Penelopen
574 609 742 675 difficilem
758 611 868 693 procis

396 709 584 793 Tyrrhenus
598 712 710 792 genuit
724 730 859 793 parens.

57 867 184 915 demam?
216 866 299 927 Abiiee
310 865 404 927 sosium
416 868 501 917 Veneri
511 869 624 930 odiosam,
633 884 663 916 ne
671 868 796 925 sarmatas
811 873 939 918 retrorsum
950 866 1018 916 obem
1028 873 1081 916 roto
1094 880 1147 916 oer-

55 935 117 979 sato.
152 930 284 994 lbrrbenu
293 937 362 994 pater
372 932 434 980 baad
445 937 468 981 te
481 933 613 994 procrearit
624 932 756 994 Penelopen
766 932 899 981 amantibus
909 931 1088 982 intractabilem.
1121 930 1144 978 0

511 1071 693 1092 ΝΝΝΜΙΙΟ

56 1169 130 1219 Lect.
142 1184 168 1232 p.
177 1174 218 1217 ct.
234 1167 312 1229 ‘aeq
322 1176 351 1217 ut
362 1176 434 1217 recte
446 1169 533 1217 Bentl.
544 1170 580 1218 nil
592 1170 636 1218 illo
647 1169 734 1217 tamine
744 1168 769 1217 h.
781 1168 799 1217 l.
811 1168 940 1232 ineptius.1
950 1169 1082 1218 doni—10
1094 1168 1146 1217 Nee

53 1240 161 1281 currms
172 1248 235 1280 unus
247 1233 409 1291 Bersmauoi,
418 1233 494 1281 Dess.
507 1236 531 1280 2.
542 1241 570 1281 et
580 1233 652 1294 Lips.
664 1237 687 1281 l.
699 1247 714 1279 a
725 1247 759 1280 m.
768 1247 806 1295 pr.
816 1232 955 1291 retrosunis
963 1238 1002 1282 eat
1010 1238 1063 1280 roto
1072 1232 1146 1280 Harl.

55 1302 80 1345 l.
88 1301 113 1345 2.
123 1301 146 1345 8.
155 1302 179 1345 t.
189 1303 244 1346 Μ.
256 1297 298 1345 elii
308 1296 385 1345 codd.
397 1297 504 1345 Venett.
517 1296 576 1345 Vet.
587 1295 678 1344 Comb.
689 1302 717 1343 et
729 1296 786 1344 edd.
803 1294 858 1344 fere
871 1303 934 1344 vett.
946 1303 973 1344 et
986 1297 1071 1358 vulgg.
1084 1303 1146 1344 ante

55 1361 141 1408 Bentl.
153 1366 206 1408 roto
219 1360 291 1419 fanis
307 1365 345 1408 eat
353 1365 416 1409 retro
424 1360 544 1408 Petrens.
556 1368 584 1409 et
596 1360 655 1408 Gal.
668 1359 789 1413 Bentleii,
798 1358 906 1407 Mediol.
916 1362 987 1407 nats.
998 1359 1084 1406 Bentl.
1098 1359 1148 1406 Cn·

54 1424 125 1485 ning.
136 1423 214 1473 Baxt.
226 1424 308 1473 Geso.
319 1425 400 1473 Zenn.
411 1424 475 1473 Sirr.
483 1423 554 1485 bani,
565 1423 671 1472 Mitsels.
684 1423 789 1485 Bipont.
799 1423 907 1473 Wetael.
918 1420 1020 1471 Wakef·
1028 1430 1056 1471 et
1065 1421 1146 1471 Kidd.

546 1562 653 1613 NOTlE

57 1654 120 1706 Nat.
131 1657 212 1706 Deor.
223 1672 247 1708 n.
259 1663 299 1709 bb.
315 1659 395 1708 ‘Tum
408 1675 480 1725 aqua
493 1661 579 1711 decla·
619 1659 723 1709 videtur
739 1674 796 1709 esse
814 1657 891 1708 ducta
906 1669 980 1705 nona
995 1661 1053 1704 rota
1064 1653 1146 1704 fortn-

56 1737 96 1779 rst
106 1729 207 1794 effusio,
225 1749 281 1798 quae
302 1749 386 1798 neque
404 1736 579 1798 conglaciaret
619 1751 658 1785 ure
672 1736 776 1785 volubili
788 1741 812 1783 et
831 1732 956 1793 instabili,
967 1731 1012 1779 sed
1026 1730 1110 1792 potins
1130 1745 1146 1778 a

56 1805 204 1872 frigoribus,
216 1825 299 1874 neque
312 1814 370 1858 nive
384 1813 507 1871 pruinave
519 1826 578 1858 con·
620 1813 683 1860 rotis
695 1819 723 1860 et
734 1811 863 1871 trochleis,
876 1808 967 1872 quibus
979 1806 1145 1856 circumvolu-

11 1876 14 1879 ’
55 1895 193 1946 cresceret,
204 1886 251 1934 nisi
267 1886 397 1934 eademne
414 1887 524 1933 admisto
536 1901 578 1935 ca·
619 1897 660 1939 tus
681 1885 750 1933 ionis
771 1886 886 1947 ingentia
902 1884 1019 1932 sublevat
1030 1888 1057 1929 et
1068 1881 1146 1928 trabit

56 1959 109 2008 lore
118 1960 260 2023 liquefacta
269 1968 296 2008 et
306 1960 404 2019 dilapsa
413 1958 580 2007 diffunderet.
620 1959 743 2020 pondera,
757 1961 778 2007 si
797 1960 862 2008 bene
883 1966 1017 2007 teneatur:
1036 1955 1095 2004 atsi
1108 1954 1145 2002 di·

55 2033 146 2096 ltaque
157 2044 184 2082 et
193 2031 361 2094 Aquilonibus
371 2032 526 2095 reliquisque
536 2031 580 2081 fri·
619 2033 709 2081 missus
720 2032 809 2094 fuerit,
821 2041 849 2082 et
860 2043 917 2082 rota
928 2040 955 2081 et
966 2031 1033 2080 funis
1045 2037 1072 2080 et
1083 2045 1146 2092 pon·

56 2110 157 2169 guribus
167 2107 276 2168 adjectis
286 2105 400 2154 durescit
411 2107 520 2163 humor,’
530 2112 579 2158 dre.
620 2107 667 2155 dus
684 2109 709 2155 in
725 2116 825 2171 partem
845 2109 999 2157 contrariam
1017 2107 1147 2167 seruntur,

88 2183 186 2231 8Paro
206 2182 300 2230 numine
318 2181 427 2246 Jupiter]
452 2185 522 2232 Bene
542 2185 581 2233 sic
619 2191 736 2242 currunt,
748 2182 860 2243 isigiunt,
872 2181 1052 2230 deturbantur.
1082 2182 1145 2230 Sen-

54 2258 149 2320 legito:
168 2258 221 2314 alii,
239 2259 303 2306 Puro
317 2258 412 2321 omine,
428 2261 469 2308 vel
486 2260 582 2318 timine;
619 2271 660 2305 sus
676 2259 762 2320 itaque
778 2256 880 2305 Horatii
898 2256 963 2306 erit:
979 2272 994 2304 o
1014 2258 1092 2320 Lyce,
1113 2271 1145 2305 ne

52 2332 97 2379 sed
118 2346 262 2395 perperam.
299 2333 392 2385 iovem
416 2349 463 2398 pro
486 2337 581 2384 retbere
619 2332 728 2381 Veneris
748 2341 776 2382 tu
789 2332 1147 2393 viriculanexuaquesperne,

54 2420 104 2455 non
117 2421 174 2456 rsro
186 2410 313 2471 usurpari,
326 2417 429 2458 notum:
447 2411 506 2459 huic
518 2425 580 2474 ergo
619 2423 676 2473 quae
688 2410 710 2457 si
721 2407 848 2457 dimiseris
860 2421 922 2455 cave
941 2421 972 2453 ue
992 2419 1030 2452 res
1043 2412 1093 2453 tuoe
1106 2419 1145 2453 re·

53 2482 192 2544 respondet
204 2498 261 2544 vox,
275 2485 378 2533 numine.
413 2486 478 2534 Puro
495 2487 581 2535 tamine
619 2491 660 2533 tro
679 2492 707 2533 et
727 2497 828 2547 pessum
845 2490 906 2531 eant
922 2495 952 2529 ac
964 2480 1145 2529 dissolvantur.

53 2556 97 2602 Sol
109 2557 211 2618 quidem
224 2559 341 2619 dicatum
358 2567 385 2608 at
398 2574 450 2609 non
464 2562 580 2625 Jupiter,
618 2560 713 2623 Virgil.
732 2560 788 2608 Ecl.
806 2572 867 2608 vtis.
880 2563 919 2607 ts.
935 2556 1075 2616 ‘Veneris,
1093 2555 1145 2613 dic,

55 2631 198 2689 praesertim
215 2634 343 2680 concubia
356 2641 450 2694 nocte;
467 2650 517 2699 qua
529 2639 579 2699 Ly·
619 2635 722 2684 uincula
733 2634 828 2685 necto!

55 2716 98 2751 ces
115 2704 220 2765 januam
247 2709 411 2765 ostentabat,
436 2711 469 2758 de
499 2726 579 2767 more.
651 2716 680 2760 11
701 2713 757 2760 Non
773 2711 1078 2777 tePenetopendifficiiem,
1092 2710 1144 2773 dfe]

54 2780 137 2828 Po'eta
149 2790 243 2830 noster.
619 2787 679 2836 Non
696 2800 723 2834 es
735 2795 764 2836 nt
780 2787 921 2850 Penelope,
937 2790 1078 2851 Spartana,
1096 2801 1145 2835 nec

86 2861 102 2905 9
118 2858 242 2918 Ingratum
258 2857 342 2906 Veneri
359 2873 418 2919 pone
436 2860 578 2922 snperbiam]
620 2861 731 2909 educata
750 2863 926 2925 instructaque
946 2863 1016 2910 deiris
1033 2863 1145 2910 moribus

54 2932 225 2980 Venissenim
241 2932 320 2995 Jocis,
337 2932 434 2994 gratiis,
451 2935 580 2982 amoribus
620 2944 769 2999 austeraque
796 2937 898 2983 visendi
927 2937 1039 2984 ratione:
1069 2937 1145 2984 immo

53 3010 150 3071 stipata
171 3008 267 3070 ubique
289 3016 463 3056 memoratur:
487 3009 579 3072 quibus
619 3017 763 3070 semustam,
783 3010 904 3071 lepidam,
923 3009 1087 3059 tractabilem
1101 3022 1146 3070 ge·

54 3083 206 3131 adversatur
225 3084 328 3131 omnino
346 3084 475 3145 superbia.
494 3098 512 3132 1.
525 3084 578 3135 Od.
619 3086 676 3134 nuit
700 3092 725 3133 te
748 3091 821 3147 pater
841 3084 931 3145 Italus,
948 3083 989 3130 vel
1010 3084 1145 3146 Etruscus,

54 3161 78 3204 2.
95 3159 227 3220 ‘Erycina
237 3159 334 3219 ridens,
350 3159 432 3209 stam
444 3159 520 3222 jocus
531 3159 579 3209 cir·
619 3168 649 3210 ut
670 3162 757 3223 placet
777 3160 936 3223 quibusdam,
956 3173 1005 3208 neo
1026 3158 1144 3209 absurde.

55 3247 112 3281 corn
125 3234 193 3281 solat
204 3241 230 3282 et
242 3232 360 3298 Cupido!
381 3269 384 3274 -
618 3237 742 3285 Etruscos
759 3235 876 3284 ludorum
896 3248 926 3283 ac
944 3235 1102 3298 voluptatum
1119 3251 1146 3285 a·

87 3312 118 3357 10
136 3309 176 3357 Ne
188 3316 296 3358 currente
311 3317 363 3358 rota
374 3310 445 3370 funis
454 3315 492 3359 eat
502 3311 578 3373 retro]
618 3320 730 3360 matores
750 3324 825 3359 nemo
848 3310 945 3359 nescit:
973 3309 1055 3359 refert
1081 3311 1146 3361 Coel.

54 3386 95 3435 Ne
113 3384 209 3434 offensa
228 3387 315 3435 Venus
334 3388 397 3435 iram
417 3388 441 3435 in
461 3396 488 3436 te
506 3401 578 3436 suam
619 3386 730 3449 Rhodig.
743 3400 791 3436 xv.
804 3390 842 3434 11.
862 3393 942 3448 atque
958 3385 1145 3448 aLydistrsx·

53 3464 178 3525 stringat:
197 3469 276 3526 tuque
287 3461 375 3510 favore
387 3463 441 3524 ejus
454 3463 579 3511 destituta
618 3463 669 3512 isse
680 3461 805 3525 originem
817 3462 969 3523 suspicatur.

53 3537 236 3599 contemnaris,
247 3546 276 3584 ut
292 3537 368 3585 modo
379 3550 420 3584 me
430 3539 579 3586 contemnis.
660 3539 789 3599 Penelopen
816 3536 934 3599 difficilem
958 3536 1048 3599 procis]
1079 3536 1143 3586 llaec

53 3612 124 3658 Time
144 3626 207 3674 ergo
225 3612 357 3674 sapienter
370 3609 480 3659 iortunae
500 3611 578 3661 vices.
619 3613 720 3675 Ulyssis
731 3627 795 3660 uxor
813 3613 867 3659 viro
888 3627 933 3661 suo
948 3610 1024 3659 fidem
1040 3626 1144 3659 servans

53 3685 148 3733 Tibull.
160 3699 179 3734 1.
190 3693 214 3734 o.
225 3690 266 3734 or.
283 3686 362 3734 ‘Heu
380 3686 494 3735 canimus
511 3685 577 3735 frus·
619 3687 709 3747 viginti
732 3701 810 3734 annos
832 3686 944 3748 absenti,
967 3701 1058 3747 procos
1079 3686 1144 3733 bene

54 3765 108 3806 tra:
121 3774 168 3807 nec
181 3761 263 3809 verbis
276 3761 344 3809 victa
357 3762 468 3823 patescit
478 3761 577 3811 Janua:
618 3764 711 3811 multos
736 3763 832 3812 acriter
855 3763 1022 3815 solicitantes,
1044 3766 1144 3820 patrem

54 3832 98 3879 sed
112 3834 236 3892 plenaest
253 3838 421 3898 percutienda
433 3851 517 3885 manu.
541 3836 578 3884 At
617 3838 694 3886 etiam
707 3852 786 3886 novas
798 3838 900 3898 nuptias
913 3834 1063 3882 alludentem
1076 3833 1145 3882 eluc-

54 3914 92 3965 tu,
103 3907 144 3968 qui
157 3908 240 3967 potior
259 3924 327 3959 nrsnc
346 3926 383 3970 es,
400 3926 458 3959 mea
470 3910 525 3959 sata
536 3925 578 3958 ca·
617 3919 671 3961 tata
683 3921 731 3961 est.
765 3913 872 3959 Homer.
886 3908 980 3969 Odyss.
992 3914 1018 3954 Β.
1029 3914 1055 3955 z.
1067 3913 1095 3956 tl.

55 3987 129 4028 veto:
148 3981 270 4030 Versatur
281 3985 359 4031 celeri
376 3984 429 4032 sors
441 3985 503 4033 levis
514 3985 578 4033 orbe
651 3991 680 4034 12
708 3984 853 4048 Tyrrhenus]
879 3981 1003 4041 Tyrrheni
1032 3982 1143 4032 Etruria

55 4054 138 4105 sota.¹
172 4054 226 4104 lsto
245 4062 329 4104 tamen
347 4058 404 4105 loco
423 4059 576 4121 bletaplsora
617 4061 713 4122 populi.
746 4055 891 4118 Tyrrhenia
910 4054 1030 4105 Straboni
1053 4057 1142 4107 eadem
