2408 4200
381 267 586 319 nunninuu
614 267 685 314 nte.
710 267 750 313 ιι.
772 253 804 314 4.

224 409 379 474 Tradidit
392 407 634 471 fessisleviora
647 408 720 471 tolli

415 572 416 576 ,
482 508 647 590 Pergama
662 507 787 573 Graiis.

226 608 370 675 Nescius
384 628 426 672 nn
440 615 472 672 te
487 627 643 689 generum
658 609 750 671 hecti

223 709 389 793 Phyllidis
404 709 500 773 llnvee
517 708 675 771 decorent
690 713 862 790 parentes:

224 809 366 893 Regium
382 816 473 874 certe
487 827 591 890 genus
606 813 639 871 et
654 815 795 890 penates

480 909 603 974 Moeret
616 909 764 991 iniquos.

55 1115 149 1175 Mons
161 1117 343 1176 euertisociiem.
378 1116 443 1171 Quid
461 1115 579 1173 sigenero
596 1113 643 1162 tihi
650 1104 730 1163 uereoe
742 1116 861 1178 Phyllidis
871 1120 979 1178 ponentes
989 1118 1093 1178 opulenti
1103 1119 1142 1167 tle·

52 1194 93 1228 erte
103 1180 223 1245 offerenti
251 1182 327 1242 Origo
343 1181 447 1243 prqsecto
463 1180 531 1240 regin
545 1183 596 1226 est:
613 1179 743 1241 etquidem
762 1180 858 1238 insertos
874 1180 976 1228 Penates
993 1180 1144 1232 lamentatur.

508 1334 691 1354 ‘dmm

55 1456 86 1500 tt
103 1451 226 1514 Phyllidoe
236 1450 409 1513 (lucion—lo
424 1451 526 1513 Reginus
537 1466 559 1500 e.
568 1466 596 1513 g.
606 1456 642 1513 et,
648 1455 755 1514 mutes,
763 1452 804 1512 ipe.
816 1451 916 1500 emend.
929 1451 1049 1515 liutgero.
1064 1470 1091 1502 oe
1101 1470 1141 1517 pe·

546 1615 655 1665 NOTAE

54 1744 111 1788 tute
132 1739 255 1800 singulari
273 1740 378 1790 Grecos
399 1742 525 1803 terrebit,
545 1756 577 1791 ex
653 1747 683 1791 lt
703 1742 802 1792 Nescius
812 1757 842 1790 ou
857 1748 881 1791 te
888 1757 1008 1804 generunt,
1018 1742 1072 1804 dn]
1090 1745 1142 1793 Per

54 1815 186 1865 Homero:
204 1817 274 1878 ‘qno
292 1817 367 1865 stetit
383 1824 469 1865 utente
484 1816 580 1867 Ilium!
620 1817 755 1879 Prolepsin
777 1817 907 1879 ingeniose
928 1825 1040 1879 occupet
1059 1818 1142 1868 Hore-

53 1889 145 1938 Senec.
156 1890 340 1939 Troed.initio.
375 1892 409 1939 Et
420 1891 596 1958 posteechog
621 1893 671 1941 tius
689 1892 714 1940 id
732 1891 799 1955 qnod
819 1892 896 1953 objici
914 1899 1027 1953 poteret,
1045 1893 1142 1954 pnellse

54 1977 98 2009 rns
117 1963 174 2024 ejus
186 1964 222 2012 sic
235 1964 306 2026 luget
321 1965 469 2014 interitum:
486 1967 578 2016 ‘Colu·
620 1975 680 2016 ante
693 1973 854 2027 memoretur,
866 1965 929 2014 licet
940 1967 1065 2026 captives,
1077 1980 1091 2013 e
1103 1982 1142 2016 re·

55 2050 113 2084 rnen
121 2037 222 2100 petrin,
233 2052 304 2087 mors
312 2038 481 2100 satorum,'l'n
493 2042 578 2103 praesi·
620 2044 661 2104 giu
672 2050 756 2092 temen
768 2043 850 2103 stirpe
860 2059 867 2102 ;
885 2056 935 2090 non
946 2043 982 2090 ite
993 2055 1053 2089 vero
1065 2043 1143 2103 Phyl-

55 2113 123 2163 dium
131 2115 276 2179 Phrygibus
288 2115 414 2173 sessin'l'u
423 2132 581 2181 muniretur,
619 2118 688 2166 lide:
703 2117 841 2179 respondet
850 2117 943 2178 igitur:
963 2117 1002 2164 Αιι
1016 2130 1076 2164 vero
1087 2120 1143 2179 quis

54 2191 214 2255 humerisque
227 2192 277 2241 tuis
288 2193 370 2241 Stetit
384 2193 580 2242 llledecemiul·
621 2208 677 2241 eum
698 2193 785 2240 humili
803 2200 872 2241 sorte
888 2206 917 2240 ec
936 2204 1028 2254 genere
1045 2191 1144 2253 credet,

55 2273 81 2315 te
92 2282 138 2329 per
150 2281 239 2317 ennoe.
273 2267 495 2328 'l'ecuurcecidi13
513 2285 579 2318 snm·
621 2281 676 2330 qun
695 2274 746 2315 tem
764 2266 873 2315 nohilern
892 2264 998 2329 prefert
1014 2265 1142 2314 indolem?

54 2356 160 2404 musque
178 2342 234 2391 dies
253 2342 374 2392 Hectoris
392 2343 458 2392 idem
477 2344 580 2406 petrin·
620 2346 666 2390 &c

54 2433 102 2480 qne
112 2417 179 2468 tuin·
653 2423 682 2467 1⁵
702 2419 805 2478 Regium
812 2423 874 2466 certe
882 2417 967 2480 genus]
983 2416 1053 2467 Hinc
1064 2416 1143 2480 igitur

88 2497 117 2542 ll
138 2494 247 2542 Tradidit
256 2495 334 2554 sessis
353 2495 440 2544 leuiora
455 2497 507 2544 tolli
520 2497 579 2545 Per·
620 2493 698 2542 honos
712 2493 758 2541 tihi
769 2501 796 2542 et
808 2493 886 2542 decue
900 2494 1016 2555 eccedet,
1032 2494 1052 2542 si
1065 2494 1141 2542 teletn

51 2583 122 2627 gusua
134 2569 229 2630 Graiis]
246 2570 352 2619 Sublato
367 2571 465 2619 ectttcet
481 2571 579 2620 Hecto·
620 2567 667 2615 tihi
689 2567 865 2630 despondent
893 2569 999 2633 ‘imque
1021 2578 1142 2632 P⁸¹0¹¹¹0⁸

54 2658 81 2692 re
89 2645 144 2706 jein
156 2645 214 2706 cepi
223 2644 523 2707 evertiqtteTrojefecile
535 2660 579 2708 po·
619 2641 740 2692 familiam
768 2651 837 2692 tuem
864 2645 1031 2695 illustrabunt
1057 2644 1142 2708 potins

54 2722 105 2768 tnit
119 2735 133 2767 ιι
144 2718 245 2767 Graecis
262 2719 397 2768 decennali
408 2721 523 2783 quemuis
535 2720 579 2769 ob-
618 2731 691 2780 quern
702 2718 867 2770 dedecorent.

54 2793 152 2842 sidione
164 2792 249 2841 fessis.
268 2794 357 2856 virgil.
371 2793 469 2843 AEneid.
480 2808 511 2845 ιι.
523 2800 578 2846 108.
650 2793 753 2842 Penates
764 2796 849 2843 Moeret
860 2793 963 2856 iniquos]
981 2793 1141 2842 Sententiam

53 2867 148 2929 ‘Soepe
170 2867 257 2932 ingeni
279 2870 362 2918 Dunei
378 2869 456 2932 Troje
474 2863 579 2933 cupiere
618 2867 683 2918 hene
695 2869 769 2931 vulgo
777 2869 890 2931 jungunt
902 2883 958 2918 curn
976 2866 1141 2930 precedenti,

54 2943 145 2992 relicto
164 2944 262 3006 Moliri,
281 2953 309 2993 et
326 2945 402 3007 longo
418 2944 479 2994 fessi
494 2946 577 2995 disce·
618 2956 649 2990 eo
667 2957 759 2991 senen:
780 2943 879 3004 Phyllis
896 2951 977 2999 certe,
993 2958 1052 2991 curn
1069 2958 1140 2991 snum

52 3017 113 3067 dete
127 3017 210 3068 hetto!
233 3020 578 3068 EtAEueid.1x.teo.⁴ne-
618 3016 688 3062 dolet
704 3017 796 3071 vicem,
815 3017 885 3074 regio
903 3029 930 3060 se
950 3022 1032 3060 ortum
1048 3029 1141 3073 genere

54 3095 147 3141 cimnm
169 3108 231 3155 quos
250 3095 351 3141 distulit
369 3093 469 3139 Hector
489 3094 516 3138 in
536 3106 578 3138 on·
619 3083 817 3132 lamenteturud
829 3084 980 3131 servitutem
995 3084 1142 3147 redectnm5

54 3171 133 3214 num)
620 3160 730 3220 indeque
743 3159 856 3206 Penates
867 3166 981 3218 rccuset,
998 3161 1041 3222 qui
1054 3163 1142 3209 tutelae

87 3240 188 3288 Leviora
199 3240 263 3301 tolli]
280 3240 439 3288 'l'runsletnnt
449 3253 480 3287 ex
491 3239 579 3287 nltinro
619 3250 672 3284 sure
684 3234 806 3284 fidentem
819 3243 869 3284 tarn
881 3236 999 3284 miserum
1011 3237 1036 3284 in
1046 3246 1142 3286 etatum

55 3315 151 3362 llindos
173 3316 216 3362 ubi
241 3316 358 3364 Priamus
380 3316 417 3364 sic
440 3315 579 3379 alloquitur
620 3310 670 3358 labi
688 3310 859 3373 permiserint.
887 3296 1142 3361 Phcuittumenin·

54 3390 177 3451 'l'rojenos
196 3389 229 3436 de
247 3391 339 3439 emisso
358 3391 487 3440 Hectore:
505 3389 577 3453 Jupi-
620 3393 785 3450 terpungere,
805 3394 883 3451 etque
905 3389 1047 3437 sententies
1068 3403 1142 3451 sepa-

55 3474 95 3514 ter
107 3467 166 3514 rnilri
176 3467 276 3515 dolores
288 3467 368 3523 dedit,
379 3466 457 3516 filiurn
472 3474 500 3515 ut
511 3468 577 3528 opti·
619 3477 687 3524 rore,
706 3477 756 3511 non
775 3463 829 3512 sine
849 3463 932 3528 ulique
950 3471 1095 3523 retinente,
1114 3471 1142 3512 ut

54 3557 122 3590 rnnrn
135 3541 283 3604 perderem:
301 3542 367 3604 qnod
383 3549 410 3590 et
428 3557 471 3590 vos
482 3542 577 3590 sentie-
620 3538 699 3586 risum
712 3546 760 3587 est.
794 3540 859 3587 Suus
869 3547 953 3587 temen
963 3541 1086 3588 sithonos
1099 3553 1142 3586 an·

55 3619 96 3666 tir.
131 3617 248 3679 Deinceps
269 3616 330 3664 eninr
348 3617 443 3664 Achiuis
457 3617 579 3673 faciliores
619 3613 742 3676 liquitoti,
760 3614 862 3662 hectori
882 3628 942 3662 vero
957 3614 1092 3676 judicandi
1099 3614 1142 3676 jus

55 3694 123 3742 eritis
141 3694 201 3748 tolli,
221 3707 246 3740 eo
266 3698 366 3741 mortuo.
399 3692 511 3754 Ῥηΐτιροι
531 3692 578 3753 γὰρ
619 3698 696 3750 etque
708 3688 850 3735 arbitrium.

54 3769 148 3825 μᾶλλον
159 3767 290 3826 Ἀχαιοῖσιν
300 3769 328 3826 δὴ
340 3768 421 3817 ἔσεσθε
435 3767 517 3817 ttuluov
527 3772 577 3816 ue-
650 3761 766 3822 Penotet]
775 3761 825 3811 Qut
835 3761 965 3821 dicentur,
972 3761 1089 3809 hlecrob.
1097 3761 1141 3810 Sa·

56 3839 281 3903 νιιΐιτοιέναιρέμιν.
619 3845 687 3886 turn.
715 3850 758 3883 ιιι.
780 3840 805 3883 t.
826 3834 881 3883 fuse
903 3836 990 3883 docet.
1024 3835 1141 3898 Hyginus

90 3915 215 3978 Pergama]
240 3916 319 3965 Arcen
331 3924 406 3966 erant
416 3917 532 3979 Trojunae
544 3933 578 3966 ex
618 3914 687 3961 Deos
703 3912 808 3973 patrios,
822 3911 863 3957 alii
876 3911 1038 3969 domesticos,
1049 3911 1140 3974 quibus

55 3988 153 4036 Servio.
184 3991 389 4052 synecdochicois
413 3991 517 4054 Trojenr
540 3994 578 4057 ip.
619 3989 643 4034 in
661 3985 836 4048 penetralihne
852 3983 940 4031 domus
951 3984 1018 4032 litari
1034 3988 1141 4049 eolehot,

58 4076 110 4110 enm
122 4063 275 4125 significent.
619 4068 823 4127 interpretentur
834 4079 840 4112 ι
853 4064 896 4114 elii
905 4065 981 4115 etiem
993 4066 1076 4116 eliter.
