2408 4200
376 253 580 303 cananum
607 255 677 303 ura.
702 257 726 305 r.
748 243 802 306 28.

140 386 258 456 Aerias
273 397 418 456 tentasse
429 393 559 469 ἀοιιιοε,
575 391 751 476 animoque
766 396 943 461 rotundum
1119 395 1141 455 5

182 491 384 554 Percurriaae
399 493 524 573 polum,
539 492 719 556 morituro!

139 590 274 654 Occidit
286 595 321 654 et
334 589 470 672 Pelopis
486 590 623 670 genitor,
634 592 779 656 conviva
794 594 958 674 Deorum3

179 689 407 770 Tithonusque
423 695 568 754 remotus
584 690 618 752 iu
633 710 744 767 auras,

140 789 183 853 Et
192 787 216 852 J
218 789 292 851 ovis
309 789 437 852 arcanis
450 788 561 851 Minoa
576 788 763 855 admissus:
785 792 968 875 habentque

119 923 129 937 .
178 886 320 951 Tartara
334 887 550 965 Panthoiden,
565 890 684 953 iterum
701 889 791 954 Orco
1096 895 1139 958 10

54 1044 113 1105 qaod
122 1044 225 1092 celestes
233 1043 340 1103 regiones
350 1045 466 1104 horodi,
476 1043 631 1106 orditam
643 1045 706 1093 crhir
717 1051 793 1092 mente
804 1045 918 1093 cireairti.
951 1045 994 1094 Sir
1004 1050 1028 1094 et
1046 1045 1139 1108 Pelopia

54 1105 112 1154 obiit
120 1113 198 1167 pater,
211 1108 340 1155 Nauaiarrm
347 1107 458 1155 enaim:
476 1107 592 1154 atatem
601 1109 673 1156 eticae
684 1108 710 1156 ia
722 1109 804 1156 crelam
814 1108 935 1156 mimae:
946 1123 988 1156 aec
999 1123 1045 1156 noa
1056 1110 1137 1158 Minae

53 1175 191 1218 amttam
200 1171 270 1217 donia
279 1169 410 1232 porticepr:
426 1169 607 1233 Paattciyitira
618 1185 705 1231 qaoque
714 1185 808 1219 caraem
818 1172 849 1218 ud
861 1170 952 1229 laterna
963 1175 1043 1219 traam
1053 1171 1139 1220 ibidem

509 1290 691 1312 unomen!

53 1373 1139 1511 icizlffi.¹alt⁰.hf¹hli⁰¹·d.i“n'¹.t:'3:⁰15'·.l’‘tzt“.tltl.‘i·.l:tzi;

54 1513 153 1561 rignum
165 1502 240 1564 pouit
256 1500 351 1549 Sanad·
385 1501 497 1551 Gravior
516 1499 618 1549 ridetur
639 1513 696 1548 erae
713 1501 841 1549 aeutentla
855 1502 909 1549 aiue
920 1499 1140 1563 interrogatione?

540 1625 650 1677 Nouia

84 1720 248 1783 erronum]
272 1721 320 1769 Eat
336 1721 378 1784 qui
400 1734 488 1771 rocem
509 1720 576 1769 hanc
616 1733 643 1768 ae
664 1719 808 1769 hominibua
835 1720 1013 1770 immortalium
1036 1726 1139 1768 recreta

50 1795 141 1858 jungat
157 1808 213 1843 cum
226 1793 391 1855 procedente
403 1796 490 1854 culmo,
502 1801 531 1841 ut
543 1808 576 1842 ea
616 1807 674 1855 quar
689 1808 781 1842 menuae
800 1794 976 1843 communione
988 1801 1015 1842 et
1032 1807 1138 1842 conane·

54 1871 170 1935 opinione
186 1870 289 1932 Epicuri
306 1870 390 1932 (ctrina
402 1884 417 1918 e
429 1884 508 1932 grege
521 1868 576 1917 Ho·
616 1868 702 1917 tudine
714 1883 770 1917 curn
783 1869 839 1917 Diis
855 1875 980 1916 noverat:
998 1868 1071 1929 cujna
1089 1867 1139 1915 cri·

54 1944 146 2005 retina)
173 1945 293 1992 mortales
320 1944 397 1992 animi
421 1950 576 1992 aaaerautnr.
616 1940 1138 2006 miniapoenaaaolritadinferostruaua3

54 2021 96 2068 lta
106 2017 240 2067 Plutarch.
253 2017 286 2063 de
297 2017 398 2079 piacitia
410 2016 577 2076 Philosopho·
616 2024 645 2066 ut
658 2032 736 2081 uaque
748 2016 780 2065 ad
793 2024 903 2064 mentum
914 2017 1046 2075 insurgant
1056 2029 1138 2076 aquae,

54 2107 108 2140 rnrn
119 2106 160 2140 ιν.
168 2096 193 2138 7.
221 2088 353 2150 Ἐπίκουρος
361 2089 405 2146 τὴν
416 2088 495 2149 ψυχὴν
504 2093 576 2152 piap-
615 2096 642 2139 et
654 2089 686 2138 ad
698 2090 765 2139 labia
782 2104 863 2152 nsque
875 2103 949 2151 poma
960 2088 1138 2149 dependeant:

54 2165 243 2226 rirrqicdparr
258 2162 499 2227 συνδιαφθειρομένην.
616 2172 644 2214 et
659 2174 744 2215 tamen
762 2164 788 2212 in
807 2177 899 2226 magna
917 2163 959 2212 riti
972 2171 999 2210 et
1016 2161 1141 2211 tamenee

86 2247 101 2289 'l
121 2242 214 2289 Occidit
232 2245 255 2288 et
274 2240 370 2302 Pelopia
384 2237 493 2300 genitor]
510 2238 575 2287 Hac
615 2239 702 2289 bibere
713 2240 790 2288 liceat
802 2253 849 2287 nec
861 2238 947 2286 edere.
964 2236 1071 2286 Pindar.
1083 2250 1140 2284 mox

55 2317 134 2365 rerba
149 2315 252 2379 quidam
264 2322 291 2362 et
301 2314 435 2377 requeutia
450 2326 530 2375 uaqne
543 2310 574 2359 ad
615 2316 659 2364 cit.
677 2313 786 2374 addidit,
796 2314 927 2361 Tantalum
944 2325 1013 2359 suam
1031 2308 1141 2359 felicita·

53 2390 110 2452 iata,
128 2390 170 2438 Me
188 2404 276 2453 qaoque
294 2388 387 2447 derexi,
406 2391 447 2445 tre.
481 2386 575 2436 Nantoe
616 2396 771 2450 teruutpote
789 2388 890 2435 nimiam
911 2399 1072 2449 concoquere
1090 2399 1139 2433 nou

53 2476 109 2511 erra
130 2464 249 2513 continua
271 2464 455 2523 pronuntiant:
479 2462 522 2509 alii
538 2467 575 2508 at·
617 2462 795 2526 potuisse,aed
812 2461 947 2510 autoritate
964 2461 1083 2509 damnum
1101 2466 1140 2507 tn·

54 2537 171 2583 tribuunt
182 2535 304 2596 Archytae
313 2534 344 2583 ad
356 2544 459 2583 nautam
471 2547 576 2596 respon·
616 2538 676 2586 lirae
693 2538 843 2586 immensum
865 2535 898 2584 ab
915 2535 970 2600 ipro
985 2537 1053 2587 Jove
1065 2541 1138 2597 patre

54 2607 126 2655 denti
136 2607 188 2655 ric:
207 2607 276 2657 Quid
287 2608 385 2656 miraris
394 2607 461 2670 qnod
475 2607 577 2654 interie·
618 2612 766 2673 irrogatum.

54 2681 110 2737 rim,
129 2695 186 2730 cnm
205 2694 279 2728 nemo
297 2694 450 2729 nummorum
465 2680 577 2728 virorum
649 2685 966 2748 slitienaaqueremcturiu
976 2684 1058 2747 curua]
1069 2685 1139 2736 erin

54 2755 311 2817 hneuaqnemorteru
322 2754 459 2816 effugerit?
476 2756 515 2802 Eu
528 2755 578 2802 Pe·
617 2765 644 2805 et
660 2758 785 2807 Tithonua
803 2758 909 2808 Aurorae
927 2761 1043 2819 meritur,
1060 2773 1139 2821 quan·

55 2829 120 2889 topia
137 2829 238 2890 genitor
259 2829 364 2888 occidit,
381 2828 503 2875 Tantalus
521 2828 577 2888 ipae
617 2845 692 2895 quam
704 2831 736 2880 ab
751 2847 830 2881 uxore
841 2834 941 2880 coetesu
960 2847 1036 2879 ,ηοω
1054 2830 1140 2892 persa.

54 2900 166 2949 Deorum
176 2901 293 2962 conviva,
302 2904 350 2951 &a
360 2901 576 2965 Pindenolymp.
615 2919 668 2969 ana,
690 2913 766 2970 atque
790 2908 828 2954 ita
847 2907 921 2953 vivax
942 2902 1057 2964 effectus,
1079 2904 1139 2954 t‘atia

54 2975 134 3025 0d.r.
151 2977 231 3034 cauit,
248 2976 354 3039 siquem
370 2976 515 3026 mortalium
529 2977 573 3025 ho·
615 2979 866 3028 tandeinconcersir.
900 2979 1138 3039 Rernotrur'auaror]

53 3059 173 3099 norarunt
185 3052 239 3112 Dii,
252 3051 359 3098 maxime
370 3052 514 3099 Tantalum.
615 3055 656 3102 Ab
664 3053 765 3100 Aurora
772 3050 904 3096 adamatur
912 3061 938 3095 et
948 3053 1005 3097 hinc
1014 3053 1039 3096 in
1048 3053 1138 3096 coelnm

88 3126 347 3186 Pelopiagenitcr,tfe.]
363 3126 578 3184 TantalnaPhry·
618 3132 717 3183 raptus.
750 3119 862 3175 luauper
884 3119 1032 3165 subirianrur
1053 3121 1140 3167 Titho-

56 3197 104 3259 gire
127 3211 180 3254 rea,
200 3197 398 3255 Agamemnonis
421 3201 448 3240 et
466 3196 579 3241 Menelai
619 3208 679 3241 unm
688 3189 830 3239 senectutis
838 3190 995 3235 incommoda
1004 3199 1139 3250 pertarum

55 3285 129 3329 arur,
146 3270 216 3316 Deua
237 3269 354 3314 convivio
372 3267 486 3326 excepit,
501 3273 580 3327 utque
620 3266 645 3311 in
657 3263 771 3310 cicadam
781 3261 909 3321 optavirse
921 3263 1140 3328 converti,aicqne

56 3357 145 3392 eorum
166 3341 327 3390 divinitatem
345 3339 519 3402 experiretur,
532 3340 581 3387 Pe·
619 3336 684 3385 adeo
702 3334 906 3384 transformatum
922 3336 948 3383 in
965 3336 1023 3385 aere
1038 3351 1141 3398 arrapen-

55 3421 140 3481 lupem
152 3416 267 3465 filiumiie
278 3413 431 3478 epulandum
445 3413 578 3477 apposnit:
619 3426 674 3459 aum
690 3411 715 3459 in
732 3410 843 3459 caniatro
860 3408 943 3460 fuiaae.
976 3413 1096 3461 Eustath.
1108 3412 1140 3459 ad

56 3506 119 3555 quar
133 3491 168 3538 iili
181 3490 260 3551 dapes
277 3491 442 3551 exhorruere,
460 3489 578 3537 detruso·
619 3486 693 3535 Iliad.
704 3491 733 3535 Ψ.
746 3484 842 3533 Athen.
854 3499 897 3534 ur.
908 3493 933 3533 ct
947 3499 998 3535 xri.
1012 3490 1052 3534 la.

56 3582 107 3629 que
123 3566 154 3613 nd
173 3563 272 3612 Inferoa
288 3564 396 3612 Tantalo
413 3563 511 3612 facinus
524 3565 577 3612 riu·
650 3562 714 3609 aar
729 3561 798 3608 donia
814 3560 908 3608 arrunte
920 3562 1000 3608 Mirm
1014 3557 1139 3618 odmiaaua]

56 3643 184 3690 dicavere.
218 3637 322 3685 Diodor.
340 3637 418 3684 Sicul.
435 3652 471 3686 rr.
491 3642 530 3685 ll.
542 3639 578 3687 ait
617 3637 721 3686 Pariter
736 3642 763 3685 et
781 3637 865 3685 Minos
878 3637 951 3686 Jovir
966 3636 1140 3684 familiaritate

54 3717 190 3765 Tantalum
198 3714 271 3763 Joria
281 3711 369 3770 filium,
378 3710 475 3759 divitiis
486 3720 513 3760 et
524 3714 577 3774 gio·
616 3711 721 3773 insignia
731 3719 815 3756 tannen
828 3717 941 3756 mortuns
950 3715 998 3755 est.
1032 3709 1058 3755 la
1072 3709 1139 3769 apud

57 3792 93 3838 ria
103 3786 316 3854 insignem‚apud
326 3785 396 3835 Asiae
409 3793 507 3847 partem
521 3800 577 3848 qun
618 3784 725 3832 Homer·
741 3783 837 3844 Odyee.
851 3789 878 3829 τ,
907 3783 963 3829 Διὸς
979 3783 1084 3842 μεγάλου
1100 3782 1139 3832 ie·

57 3865 233 3929 Paphlagonia
250 3860 424 3914 dicitnr,Diis
444 3859 519 3907 etiam
536 3874 577 3907 ca·
615 3856 703 3921 proriis.
740 3857 817 3904 Plato
835 3856 860 3902 in
890 3856 954 3904 Min.
977 3857 1042 3904 hunc
1064 3856 1138 3907 affert

59 3953 112 3986 rnna
130 3940 164 3988 ob
186 3936 285 4001 generis
307 3935 470 3984 claritatem:
489 3944 576 3995 portea
616 3932 724 3983 Homeri
741 3932 835 3990 locum,
846 3928 985 3992 scribitque
1000 3931 1137 3982 Minoema

59 4026 118 4060 vero
127 4012 251 4063 felicitate
262 4009 453 4061 insolentiorern
463 4008 576 4069 evulgaa·
616 4009 682 4058 lure
694 4003 831 4062 eruditum,
842 4010 870 4050 et
884 4016 949 4050 nono
959 4018 1057 4067 quoqne
1069 4021 1135 4056 auno
