2408 4200
415 265 450 323 Q.
472 262 633 313 nouauit
657 262 790 315 ΠιΑῦΟΙ

188 403 437 488 Ventorumque
451 413 543 487 regat
556 412 661 489 pater,

231 503 411 571 Obstrictis
426 505 514 583 aliis,
527 510 649 589 praeter
663 504 810 589 Iapyga:

188 600 307 680 Nauis,
322 624 398 686 quar
413 604 474 669 tibi
488 604 655 669 creditum

232 701 349 767 Debes
366 702 551 785 Virgilium.
563 701 683 767 finibua
696 700 822 767 Atticis

189 798 329 863 Reddas
344 801 552 877 incolumem,
568 820 699 885 precor,

231 899 275 963 Et
289 917 403 964 serres
418 900 539 967 animae
553 900 729 965 dimidium
743 920 837 965 mere.

57 1070 312 1133 naturamnatural·
326 1069 432 1132 retiqriu
447 1070 544 1129 ιιιιμο
554 1064 661 1129 lunser
682 1082 697 1116 e
714 1068 792 1126 aeria,
807 1081 860 1130 pre
873 1066 943 1119 deira
956 1068 1085 1132 Virgilian
1101 1069 1147 1120 tili

58 1129 1102 1197 mamistan,omsteanaerpitaunlimdlittudtieriem‚artmirpartm
1112 1134 1151 1183 di·

513 1269 697 1293 mum

61 1373 139 1421 etiam
155 1371 314 1434 Canium—t
331 1370 420 1421 Codex
439 1369 602 1429 uerierunt,
622 1368 1007 1445 immemorem-a
1023 1368 1096 1419 idem
1108 1382 1152 1419 ce-

59 1434 111 1482 dex
136 1436 430 1487 centemnunt.
447 1433 585 1483 mmet·
604 1432 669 1497 aliis,
687 1433 726 1481 uti
740 1432 823 1483 edidit
840 1433 975 1493 Monetam
998 1432 1043 1483 red
1062 1446 1151 1483 omnes

59 1497 105 1547 alil
116 1496 192 1548 codd.
205 1506 233 1548 et
244 1497 305 1547 edd.
316 1499 396 1562 antiq·
406 1496 504 1547 bahem
515 1493 654 1545 mulctis.
685 1494 753 1544 Vide
764 1496 871 1548 Homer.
882 1497 934 1547 0d.
945 1502 975 1545 tt.
986 1496 1068 1561 princ.
1098 1497 1148 1545 Oi·

58 1561 145 1609 druria
155 1560 258 1610 Servius
269 1561 301 1608 ad
320 1562 393 1622 Virg.
404 1561 460 1611 AEn.
471 1572 533 1609 rut.
543 1561 658 1610 tro-o.
674 1562 691 1606 u
709 1557 809 1607 Waket'.
828 1558 1004 1623 iuterpuugit:
1022 1560 1110 1619 Nauia,
1125 1577 1150 1623 q.

59 1627 79 1670 t.
98 1623 213 1696 ςνεάἰιιιιι
230 1623 266 1672 D.
282 1624 412 1684 Virgilian·
468 1622 474 1634 ’
530 1620 629 1682 aaran,
647 1621 753 1682 Reddas,
769 1624 809 1683 du.
826 1622 865 1671 lta
882 1629 1021 1671 annotans:
1039 1622 1149 1698 ‘Mirari

58 1687 744 1811 :duumuirum...J't‘ttr‘ttttt'ttu
757 1684 1152 1809 titltltlm.ll;tit'f‘⁰rllt

58 1810 181 1874 virgllius
193 1813 294 1862 scilicet
309 1812 335 1861 in
353 1811 418 1861 lines
432 1811 535 1861 Atticos
547 1824 612 1860 aare
623 1806 790 1873 deferendur,
800 1810 869 1860 uude
880 1811 906 1858 lu
917 1809 1026 1874 patriam
1036 1810 1150 1859 reditum

58 1880 141 1925 tatum
154 1876 321 1926 dilectissimo
333 1876 423 1925 Podtar
433 1882 557 1939 precatur
570 1874 694 1924 Placent:
710 1874 752 1924 cui
770 1874 906 1938 rcriptorir
921 1888 1000 1937 scopo
1011 1870 1150 1924 manifeste

550 2000 657 2052 NOTAE

59 2097 123 2147 ride
142 2104 267 2148 recenter
286 2113 302 2148 a
319 2099 418 2149 Latinis
437 2099 551 2164 quidem,
569 2112 586 2147 a
625 2102 697 2148 tatur
719 2097 801 2160 iapyx
821 2095 931 2159 Virgilio
954 2096 1102 2146 commodus
1125 2094 1150 2144 iu

60 2169 160 2220 Grecis
182 2183 243 2221 reru
263 2170 337 2222 doris
358 2173 415 2234 lilii,
440 2170 585 2237 Διόσκουροι.
625 2170 690 2221 duas
700 2170 972 2235 Atticorproperanti·
987 2169 1154 2220 Ailnditilo·

60 2244 144 2294 Porro
156 2245 223 2309 quod
236 2261 251 2296 a
262 2247 359 2297 Piretis
376 2261 406 2296 ac
420 2246 586 2311 pradonibus
624 2246 706 2296 ratius
717 2246 749 2295 ad
758 2252 842 2294 utrem
852 2245 937 2307 Ulyrsl
949 2244 982 2292 alr
991 2244 1063 2294 AEolo
1074 2243 1154 2293 donr-

59 2333 140 2383 mare,
157 2321 217 2370 dum
240 2322 366 2378 virerent,
387 2323 553 2383 liberassent,
570 2335 585 2370 a
625 2327 689 2380 tum,
700 2320 726 2368 in
737 2320 871 2382 querenti
885 2325 960 2367 enat
970 2319 1073 2379 inclusi,
1084 2332 1151 2382 pr·-

59 2394 184 2458 Neptuuo
195 2394 316 2444 dicuntur
327 2397 416 2458 adepti
433 2402 584 2459 essepotes-
624 2401 667 2443 ter
683 2393 831 2455 Zephyrum
850 2390 1008 2454 navigationi
1030 2392 1085 2454 ejus
1102 2393 1151 2440 uti·

60 2473 142 2515 tatem
164 2467 293 2530 narriragis
319 2468 472 2531 opitulandi.
514 2468 584 2517 Hinc
624 2468 683 2517 lem.
715 2466 827 2517 Quidam
843 2466 943 2529 legunt,
959 2465 1150 2527 oirmactis,sed

60 2542 163 2601 corripis
179 2542 259 2589 dicti:
277 2548 305 2590 et
324 2542 382 2590 hinc
398 2543 476 2590 lueida
491 2543 585 2591 sidem
624 2541 700 2590 male.
726 2538 833 2590 Homer.
855 2539 932 2590 modo
946 2541 993 2589 cit.
1012 2541 1107 2605 Odyss.
1118 2546 1148 2589 li.

59 2614 85 2663 iu
96 2615 171 2664 astris
184 2613 301 2662 nimirum
317 2623 484 2664 recensentur
495 2616 586 2665 Castor
623 2614 748 2673 κατέδησε,
764 2615 859 2676 ligauit.
894 2614 984 2678 Virgil.
1002 2615 1058 2664 AEn.
1077 2629 1095 2663 ι.
1113 2615 1151 2663 iu-

59 2695 87 2737 et
103 2687 214 2735 Pollux:
232 2700 370 2751 eorumque
387 2690 469 2737 stelias
483 2703 541 2738 eum
552 2691 586 2738 si·
625 2692 709 2739 clusos
720 2703 825 2740 carcere
837 2696 926 2738 ventos
939 2689 1037 2753 pariter
1049 2691 1128 2740 canit.

60 2761 112 2810 mul
124 2771 260 2824 apparent,
272 2762 411 2822 arintarea;
429 2778 486 2813 cunr
498 2765 586 2815 solita·
658 2764 761 2829 Iapyga]
774 2765 873 2813 Ventus
883 2764 927 2813 ille
938 2778 970 2812 ex
981 2763 1084 2828 Apuliae
1093 2765 1150 2814 tini·

60 2835 513 2897 riae,gravesetnoxiaecreduntur.
536 2839 585 2887 Ar·
626 2838 673 2889 bus
701 2838 881 2901 proiicircitur,
907 2839 1028 2889 adversus
1053 2841 1149 2889 Eurum

60 2911 150 2958 nobius
161 2911 233 2972 ignes
245 2923 290 2958 seu
302 2909 413 2971 fulgores
423 2911 585 2962 marinosro·
625 2912 679 2970 flat,
699 2913 767 2962 idem
787 2913 971 2976 propemodum
988 2921 1067 2978 atque
1084 2917 1150 2964 Can·

60 2990 113 3033 cat.
132 2983 200 3032 Vide
212 2983 281 3032 Plin.
293 2999 325 3034 ιι.
337 2989 377 3034 er.
395 2984 491 3048 Hygia.
501 2987 545 3036 lib.
554 3001 586 3036 rr.
626 3003 677 3050 rua,
697 2987 723 3036 in
742 2987 874 3036 'Graeciam
896 2988 1003 3049 proinde
1025 3003 1057 3037 ex
1075 2988 1152 3037 Iutta

60 3062 110 3109 irc.
127 3063 156 3108 et
166 3058 232 3107 inira
244 3059 296 3108 od.
309 3063 348 3108 12.
360 3060 433 3123 hujus
445 3061 503 3111 libri
514 3062 577 3112 Not·
626 3062 783 3113 solventium
802 3061 878 3125 plane
895 3062 974 3112 utilis.
1000 3061 1067 3111 Vide
1079 3062 1150 3112 Geli.

93 3139 107 3184 ³
129 3134 254 3184 Venturam
263 3133 343 3196 puter]
363 3134 455 3184 Jorenr
467 3136 587 3198 intelligit
626 3153 658 3190 rr.
669 3143 712 3188 π.

59 3210 270 3272 marcinannus
280 3208 408 3257 veteribus
418 3209 533 3273 Physicis
541 3211 588 3261 Ju·
656 3219 673 3262 6
693 3211 832 3275 Virgilium]
850 3209 919 3261 Huic
930 3213 988 3261 carl
997 3212 1082 3262 Poitn
1093 3226 1152 3261 nos·

60 3287 129 3350 piter
140 3287 234 3336 ertadr
245 3287 358 3348 agitatus
370 3293 396 3334 et
409 3284 498 3344 lineus,
510 3287 585 3337 adeo·
626 3295 667 3338 tro
689 3289 851 3339 familiaritas
874 3288 992 3349 maxima,
1011 3293 1038 3336 ut
1061 3288 1151 3336 mirum

61 3376 111 3424 qne
120 3361 147 3410 id
158 3361 225 3424 quod
236 3368 341 3409 rentum
352 3361 517 3421 appellamur.
534 3361 586 3411 Alli
625 3377 676 3413 uon
688 3364 734 3414 aba
745 3378 772 3413 re
784 3362 912 3422 rideatur,
923 3361 992 3424 quod
1007 3362 1101 3410 unllam
1113 3359 1152 3410 fe·

60 3439 152 3487 arettas
161 3443 294 3499 exponunt
304 3435 337 3482 de
349 3433 432 3493 AEolo,
443 3436 484 3497 qui
498 3445 586 3485 vento·
626 3439 693 3486 eerit
712 3450 817 3499 usquam
833 3436 990 3483 mentionem
1002 3436 1152 3498 Lyricorum

60 3527 116 3561 rum
127 3527 172 3560 rex
185 3519 211 3559 et
223 3516 297 3572 pater
309 3507 405 3567 dictus,
417 3508 483 3570 qrrod
496 3518 584 3558 vento·
626 3515 753 3575 Principis
766 3512 936 3560 Heroicornm
947 3513 991 3561 ille
1003 3513 1138 3575 Princeps.

61 3602 117 3636 rum
129 3596 307 3647 astrorumque
326 3584 450 3631 rationem
469 3584 585 3643 apprime
659 3589 761 3637 Finibus
776 3588 876 3651 Atticis]
893 3588 984 3638 Attica
1000 3589 1071 3651 regio
1089 3590 1151 3638 Hei·

61 3663 187 3711 cailnerit.
219 3659 246 3708 Is
258 3657 377 3720 regnavit
391 3656 477 3705 Iliacis
488 3663 586 3720 tempo·
627 3662 690 3711 ledis
703 3664 729 3711 iu
740 3663 834 3725 augnlo
850 3662 980 3712 Orientali
991 3671 1018 3711 et
1028 3663 1151 3722 Australi,

62 3738 131 3785 ribus
151 3734 219 3799 apud
236 3733 337 3782 Insulas
358 3731 462 3786 AEollus.
482 3746 538 3794 qum
559 3740 587 3781 et
626 3738 670 3787 ubi
693 3741 767 3801 longe
786 3739 983 3800 praeclarissime
997 3746 1025 3788 et
1040 3738 1152 3785 nomina-

60 3812 203 3871 Vulcaniae‚
222 3809 323 3858 ltaliam
343 3807 411 3856 iuter
427 3815 454 3856 et
472 3807 585 3857 Siciliam
627 3813 724 3861 tissima
735 3813 828 3862 civitas
840 3821 920 3874 caput
931 3813 1041 3871 extollit,
1054 3810 1150 3858 ‘Athe-

62 3886 162 3946 positae.
180 3885 301 3933 Pilum.
314 3886 337 3929 8.
349 3889 376 3930 et
387 3886 412 3929 9.
625 3901 665 3936 rrae
677 3888 788 3937 omniurn
798 3887 969 3936 doctrinarum
978 3884 1152 3946 inventrices:

94 3963 109 4005 d
128 3960 256 4006 Obstrictis
267 3955 333 4017 eliis]
352 3955 438 4005 Ceteri
455 3956 526 4006 uenti
539 3957 584 4006 mi·
626 3961 682 4011 Cic.
694 3960 726 4008 de
736 3961 812 4011 Orat.
824 3976 843 4011 ι.
855 3965 894 4010 1³.

61 4033 128 4082 nime
142 4033 246 4094 propitii
259 4034 425 4092 retineantur,
437 4045 502 4080 uuus
514 4032 586 4084 emit·
656 4036 781 4085 8Animoe
802 4037 925 4085 dimidium
946 4031 1014 4094 meu]
1040 4033 1068 4084 S.
1081 4034 1149 4099 Aug.
