2408 4200
265 838 555 929 METRA
616 839 1140 938 HORATIANA.

355 1113 422 1172 ΘΗ.
444 1112 560 1172 WASE
581 1115 797 1176 AMBROSIO
818 1117 1048 1178 BONWICKE

667 1357 698 1415 S.
714 1357 745 1415 S.

155 1912 302 1968 Arrrssos
324 1916 370 1966 tot
386 1908 488 1984 magni·
501 1907 577 1966 inter
589 1906 711 1967 Grecos
735 1905 861 1964 nominis
882 1905 995 1983 Lyricae
1007 1907 1128 1969 Poenos
1139 1928 1204 1970 auc

156 2019 217 2071 res,
240 2020 318 2059 unus
342 2000 427 2059 nobis
452 2000 589 2060 Horatius
609 2001 690 2072 lacit,
712 2011 746 2059 ut
763 2000 857 2058 lenius
875 1998 1085 2061 desideremus.
1127 2003 1198 2064 Plac

96 2109 100 2115 ·
155 2094 249 2170 igitur
276 2092 393 2153 saeculis
417 2093 525 2172 ingenii
547 2094 626 2166 felir,
646 2092 776 2153 numeris
798 2093 942 2152 curiosus.
984 2093 1147 2153 Horatiana
1165 2114 1199 2153 ce

158 2188 257 2246 Metro
271 2187 429 2248 Diomedes
443 2200 474 2248 et
488 2188 599 2248 Marius
613 2188 792 2258 Victorinus,
806 2197 913 2265 preter
931 2186 1064 2245 Plocium
1078 2197 1108 2246 et
1122 2187 1192 2247 Atili

158 2282 409 2355 fortunatianum,
424 2302 459 2342 ea
482 2282 616 2361 professo
634 2281 760 2360 posteris
781 2280 927 2359 explicata
941 2279 1130 2358 reliquerunt.
1171 2280 1204 2352 S:

155 2378 250 2439 einen
275 2377 433 2437 eorundem
456 2379 486 2436 in
508 2378 623 2437 brevem
645 2376 782 2436 tabellam
804 2377 971 2455 conjectum
997 2374 1196 2435 continentie

157 2471 234 2530 mine
248 2470 413 2543 Petronius,
428 2473 561 2551 quisquis
582 2473 607 2531 is
628 2470 693 2542 luit,
715 2476 794 2546 (narn
811 2472 884 2531 alios
899 2471 1029 2552 ejusdem
1044 2470 1169 2528 nominis
1185 2490 1202 2529 n

157 2576 230 2624 aetas
251 2567 342 2638 tulit)
356 2568 385 2625 in
398 2566 504 2646 vulgos
518 2565 624 2627 edidit.
663 2565 711 2624 Ad
728 2566 807 2626 istud
829 2567 991 2645 exemplum
1012 2566 1154 2643 magistri,
1168 2586 1187 2644 q

157 2678 220 2715 rum
235 2659 397 2737 disciplinae
411 2661 492 2738 origo
515 2660 585 2719 mihi
607 2671 703 2719 tecum
724 2661 886 2719 communis
905 2661 970 2732 l'uit,
985 2669 1058 2738 quot
1070 2659 1204 2737 septimo

158 2761 271 2812 mutato
285 2753 380 2823 titulo,
395 2772 448 2812 nos
462 2754 571 2813 tirones
586 2753 624 2811 od
640 2752 821 2832 multijuganr
841 2755 924 2836 Lyrae
943 2756 1055 2814 Latinae
1067 2754 1198 2840 modulat

157 2864 226 2905 nem
249 2858 448 2907 exercuerunt.
489 2849 534 2908 lta
551 2848 639 2908 velim
658 2848 714 2907 hoc
729 2851 838 2909 nomini
854 2861 904 2909 tuo
918 2850 1088 2926 inscriptum
1103 2849 1204 2927 accipi

155 2941 197 2999 ita
210 2941 329 3013 tuearis,
343 2961 401 3002 non
416 2953 557 3022 tanquam
580 2942 701 3019 aliquod
723 2962 863 3021 maguum
883 2954 933 3000 aut
952 2962 1070 3012 novum,
1085 2942 1136 3000 sed
1150 2950 1185 2997 ut

157 3036 276 3113 dignum
297 3037 379 3116 quod
397 3038 428 3094 iu
453 3037 676 3096 desuetudinem
700 3039 797 3103 abeat,
820 3053 887 3092 cum
910 3036 940 3091 iu
959 3054 991 3091 se
1009 3045 1123 3091 tantum
1136 3031 1204 3087 hab

156 3131 331 3210 compendii.
373 3130 472 3186 Tuum
495 3130 550 3187 erit
573 3131 667 3188 vicem
693 3126 859 3203 Pasiphniie
872 3125 1058 3190 substituere,
1085 3123 1196 3196 Dapltn

156 3227 364 3295 Ptacttonta,
384 3222 531 3282 Cadmum.
572 3224 722 3287 Quantum
736 3217 900 3296 argumenti
912 3216 971 3277 veri
981 3226 1032 3273 aut
1042 3214 1192 3273 labulosie

155 3329 218 3387 net,
231 3319 383 3378 materiam
399 3314 601 3394 suppeditabit
611 3333 619 3380 ;
646 3311 733 3372 modo
752 3332 788 3371 ne
807 3310 884 3370 desit
897 3311 1023 3370 afflatus.
1056 3307 1140 3364 Ultro
1155 3326 1199 3363 ra

157 3409 198 3468 ad
214 3427 246 3466 se
261 3429 432 3485 generosam
447 3412 567 3470 urbanae
584 3408 747 3486 juventutis
766 3406 907 3478 indolens,
921 3406 950 3464 ni
965 3406 1059 3474 lallor,
1075 3398 1178 3461 artifex
1200 3429 1204 3449 ·

157 3504 250 3581 gina;
276 3519 336 3576 quo
350 3505 454 3563 rectius
467 3505 506 3564 ad
520 3502 744 3583 Dithyrambunt
765 3504 956 3563 contendant.
1000 3499 1085 3557 Vale.
