<?xml version="1.0" encoding="UTF-8"?>
<!DOCTYPE html PUBLIC "-//W3C//DTD XHTML 1.0 Transitional//EN"
    "http://www.w3.org/TR/xhtml1/DTD/xhtml1-transitional.dtd">
<html xmlns="http://www.w3.org/1999/xhtml" xml:lang="en" lang="en">
 <head>
  <title>
</title>
<meta http-equiv="Content-Type" content="text/html;charset=utf-8" />
  <meta name='ocr-system' content='tesseract 3.04.00' />
  <meta name='ocr-capabilities' content='ocr_page ocr_carea ocr_par ocr_line ocrx_word'/>
</head>
<body>
  <div class='ocr_page' id='page_1' title='image "./quintihoratiifl00zeungoog_0039.png"; bbox 0 0 2408 4200; ppageno 0'>
   <div class='ocr_carea' id='block_1_1' title="bbox 53 248 782 320">
    <p class='ocr_par' dir='ltr' id='par_1_1' title="bbox 53 248 782 320">
     <span class='ocr_line' id='line_1_1' title="bbox 53 248 782 320; baseline -0.007 -1"><span class='ocrx_word' id='word_1_1' title='bbox 53 248 97 320; x_wconf 73' lang='lat' dir='ltr'>at</span> <span class='ocrx_word' id='word_1_2' title='bbox 420 266 468 315; x_wconf 87' lang='lat' dir='ltr'>nn</span> <span class='ocrx_word' id='word_1_3' title='bbox 493 265 580 315; x_wconf 75' lang='lat' dir='ltr'>vrrs</span> <span class='ocrx_word' id='word_1_4' title='bbox 610 264 782 316; x_wconf 78' lang='grc' dir='ltr'><strong>ιιοιιιιιι.</strong></span> 
     </span>
    </p>
   </div>
   <div class='ocr_carea' id='block_1_2' title="bbox 50 407 1147 898">
    <p class='ocr_par' dir='ltr' id='par_1_2' title="bbox 50 407 1147 898">
     <span class='ocr_line' id='line_1_2' title="bbox 95 407 1146 486; baseline -0.003 -10"><span class='ocrx_word' id='word_1_5' title='bbox 95 409 220 476; x_wconf 88' lang='lat' dir='ltr'>Eodem</span> <span class='ocrx_word' id='word_1_6' title='bbox 248 427 334 472; x_wconf 90' lang='lat' dir='ltr'>anno</span> <span class='ocrx_word' id='word_1_7' title='bbox 358 407 534 482; x_wconf 82' lang='lat' dir='ltr'>inclinante</span> <span class='ocrx_word' id='word_1_8' title='bbox 561 408 698 471; x_wconf 84' lang='lat' dir='ltr'>moritur</span> <span class='ocrx_word' id='word_1_9' title='bbox 724 407 906 486; x_wconf 87' lang='lat' dir='ltr'>Maecenas,</span> <span class='ocrx_word' id='word_1_10' title='bbox 927 413 1012 473; x_wconf 85' lang='lat' dir='ltr'>teste</span> <span class='ocrx_word' id='word_1_11' title='bbox 1035 409 1146 475; x_wconf 87' lang='lat' dir='ltr'>Dione</span> 
     </span>
     <span class='ocr_line' id='line_1_3' title="bbox 54 508 1147 594; baseline -0.003 -16"><span class='ocrx_word' id='word_1_12' title='bbox 54 531 113 579; x_wconf 82' lang='lat' dir='ltr'>nv.</span> <span class='ocrx_word' id='word_1_13' title='bbox 127 532 164 594; x_wconf 89' lang='lat' dir='ltr'>p.</span> <span class='ocrx_word' id='word_1_14' title='bbox 178 509 252 574; x_wconf 76' lang='lat'>552.</span> <span class='ocrx_word' id='word_1_15' title='bbox 275 517 308 575; x_wconf 89' lang='lat' dir='ltr'>et</span> <span class='ocrx_word' id='word_1_16' title='bbox 332 510 468 593; x_wconf 89' lang='lat' dir='ltr'>quidem</span> <span class='ocrx_word' id='word_1_17' title='bbox 490 514 563 573; x_wconf 87' lang='lat' dir='ltr'>ante</span> <span class='ocrx_word' id='word_1_18' title='bbox 585 508 782 590; x_wconf 69' lang='lat' dir='ltr'>Horatium</span> <span class='ocrx_word' id='word_1_19' title='bbox 811 509 902 591; x_wconf 89' lang='lat' dir='ltr'>quod</span> <span class='ocrx_word' id='word_1_20' title='bbox 923 530 983 575; x_wconf 92' lang='lat' dir='ltr'>cur</span> <span class='ocrx_word' id='word_1_21' title='bbox 1005 529 1049 575; x_wconf 87' lang='lat' dir='ltr'>ex</span> <span class='ocrx_word' id='word_1_22' title='bbox 1072 510 1147 593; x_wconf 91' lang='lat' dir='ltr'>ejus</span> 
     </span>
     <span class='ocr_line' id='line_1_4' title="bbox 52 610 1147 694; baseline -0.002 -16"><span class='ocrx_word' id='word_1_23' title='bbox 52 613 146 690; x_wconf 82' lang='lat' dir='ltr'>Vita,</span> <span class='ocrx_word' id='word_1_24' title='bbox 167 632 189 676; x_wconf 90' lang='lat' dir='ltr'>a</span> <span class='ocrx_word' id='word_1_25' title='bbox 210 611 368 677; x_wconf 79' lang='lat' dir='ltr'><strong>Suetonio</strong></span> <span class='ocrx_word' id='word_1_26' title='bbox 385 612 587 694; x_wconf 88' lang='lat' dir='ltr'>conscripta,</span> <span class='ocrx_word' id='word_1_27' title='bbox 602 610 786 692; x_wconf 85' lang='lat' dir='ltr'>intelligere</span> <span class='ocrx_word' id='word_1_28' title='bbox 804 611 1018 694; x_wconf 69' lang='lat' dir='ltr'>pertinaciter</span> <span class='ocrx_word' id='word_1_29' title='bbox 1036 612 1147 676; x_wconf 88' lang='lat' dir='ltr'>nolue-</span> 
     </span>
     <span class='ocr_line' id='line_1_5' title="bbox 51 709 1146 795; baseline -0.002 -16"><span class='ocrx_word' id='word_1_30' title='bbox 51 717 115 780; x_wconf 85' lang='lat' dir='ltr'>rint</span> <span class='ocrx_word' id='word_1_31' title='bbox 134 713 325 789; x_wconf 86' lang='lat' dir='ltr'>Turnabus,</span> <span class='ocrx_word' id='word_1_32' title='bbox 347 712 554 789; x_wconf 75' lang='lat' dir='ltr'>Torrentius,</span> <span class='ocrx_word' id='word_1_33' title='bbox 580 712 709 789; x_wconf 87' lang='lat' dir='ltr'>Densa,</span> <span class='ocrx_word' id='word_1_34' title='bbox 730 709 773 774; x_wconf 83' lang='lat' dir='ltr'>A.</span> <span class='ocrx_word' id='word_1_35' title='bbox 790 710 949 777; x_wconf 90' lang='lat' dir='ltr'>Schottus</span> <span class='ocrx_word' id='word_1_36' title='bbox 966 711 1089 795; x_wconf 87' lang='lat' dir='ltr'>(Obss.</span> <span class='ocrx_word' id='word_1_37' title='bbox 1107 730 1146 777; x_wconf 90' lang='grc' dir='ltr'>ιι.</span> 
     </span>
     <span class='ocr_line' id='line_1_6' title="bbox 50 812 771 898; baseline -0.011 -16"><span class='ocrx_word' id='word_1_38' title='bbox 50 812 121 898; x_wconf 89' lang='grc'><strong>66.)</strong></span> <span class='ocrx_word' id='word_1_39' title='bbox 135 820 169 878; x_wconf 90' lang='lat' dir='ltr'>et</span> <span class='ocrx_word' id='word_1_40' title='bbox 183 813 394 891; x_wconf 88' lang='lat' dir='ltr'>Sanadouus,</span> <span class='ocrx_word' id='word_1_41' title='bbox 408 813 561 895; x_wconf 79' lang='lat' dir='ltr'>equidem</span> <span class='ocrx_word' id='word_1_42' title='bbox 579 833 643 878; x_wconf 89' lang='lat' dir='ltr'>non</span> <span class='ocrx_word' id='word_1_43' title='bbox 659 812 771 896; x_wconf 89' lang='lat' dir='ltr'>capio.</span> 
     </span>
    </p>
   </div>
   <div class='ocr_carea' id='block_1_3' title="bbox 51 1028 1146 1221">
    <p class='ocr_par' dir='ltr' id='par_1_3' title="bbox 51 1028 1146 1221">
     <span class='ocr_line' id='line_1_7' title="bbox 94 1028 1146 1117; baseline -0.004 -18"><span class='ocrx_word' id='word_1_44' title='bbox 94 1034 221 1099; x_wconf 77' lang='lat' dir='ltr'>Vrnna</span> <span class='ocrx_word' id='word_1_45' title='bbox 238 1035 407 1099; x_wconf 76' lang='grc' dir='ltr'><strong>Ηοιιιτιι</strong></span> <span class='ocrx_word' id='word_1_46' title='bbox 428 1033 471 1097; x_wconf 94' lang='lat' dir='ltr'>ab</span> <span class='ocrx_word' id='word_1_47' title='bbox 488 1028 563 1115; x_wconf 84' lang='lat' dir='ltr'>ipso</span> <span class='ocrx_word' id='word_1_48' title='bbox 578 1033 823 1115; x_wconf 84' lang='lat' dir='ltr'>elegantissime</span> <span class='ocrx_word' id='word_1_49' title='bbox 838 1034 982 1117; x_wconf 84' lang='lat' dir='ltr'>pingitur</span> <span class='ocrx_word' id='word_1_50' title='bbox 998 1049 1022 1095; x_wconf 95' lang='grc' dir='ltr'>ι.</span> <span class='ocrx_word' id='word_1_51' title='bbox 1037 1033 1146 1115; x_wconf 86' lang='lat' dir='ltr'>Epist.</span> 
     </span>
     <span class='ocr_line' id='line_1_8' title="bbox 51 1133 1145 1221; baseline -0.005 -20"><span class='ocrx_word' id='word_1_52' title='bbox 51 1137 104 1201; x_wconf 97' lang='grc'><strong>16.</strong></span> <span class='ocrx_word' id='word_1_53' title='bbox 118 1139 149 1201; x_wconf 81' lang='grc'>5.</span> <span class='ocrx_word' id='word_1_54' title='bbox 165 1157 241 1221; x_wconf 88' lang='lat' dir='ltr'>sqq.</span> <span class='ocrx_word' id='word_1_55' title='bbox 284 1136 356 1200; x_wconf 93' lang='lat' dir='ltr'>Sita</span> <span class='ocrx_word' id='word_1_56' title='bbox 370 1142 443 1198; x_wconf 92' lang='lat' dir='ltr'>crat</span> <span class='ocrx_word' id='word_1_57' title='bbox 456 1134 490 1196; x_wconf 94' lang='lat' dir='ltr'>in</span> <span class='ocrx_word' id='word_1_58' title='bbox 505 1133 653 1210; x_wconf 80' lang='lat' dir='ltr'>Sabinis,</span> <span class='ocrx_word' id='word_1_59' title='bbox 674 1152 738 1196; x_wconf 90' lang='lat' dir='ltr'>non</span> <span class='ocrx_word' id='word_1_60' title='bbox 753 1135 870 1217; x_wconf 90' lang='lat' dir='ltr'>procul</span> <span class='ocrx_word' id='word_1_61' title='bbox 883 1134 1007 1198; x_wconf 89' lang='lat' dir='ltr'>Tibure</span> <span class='ocrx_word' id='word_1_62' title='bbox 1027 1153 1145 1198; x_wconf 85' lang='lat' dir='ltr'>versus</span> 
     </span>
    </p>
   </div>
   <div class='ocr_carea' id='block_1_4' title="bbox 30 1232 1148 3414">
    <p class='ocr_par' dir='ltr' id='par_1_4' title="bbox 30 1232 1148 3414">
     <span class='ocr_line' id='line_1_9' title="bbox 51 1232 1147 1322; baseline -0.003 -22"><span class='ocrx_word' id='word_1_63' title='bbox 51 1234 263 1322; x_wconf 82' lang='lat' dir='ltr'>Aquilonem.</span> <span class='ocrx_word' id='word_1_64' title='bbox 296 1236 421 1300; x_wconf 79' lang='lat' dir='ltr'>Vicina</span> <span class='ocrx_word' id='word_1_65' title='bbox 435 1240 504 1298; x_wconf 88' lang='lat' dir='ltr'>erat</span> <span class='ocrx_word' id='word_1_66' title='bbox 516 1233 623 1298; x_wconf 92' lang='lat' dir='ltr'>Varia</span> <span class='ocrx_word' id='word_1_67' title='bbox 637 1239 676 1310; x_wconf 89' lang='grc' dir='ltr'>(ι.</span> <span class='ocrx_word' id='word_1_68' title='bbox 693 1232 869 1318; x_wconf 75' lang='lat' dir='ltr'>Epistlt.</span> <span class='ocrx_word' id='word_1_69' title='bbox 878 1233 937 1314; x_wconf 85' lang='grc'><strong>3.),</strong></span> <span class='ocrx_word' id='word_1_70' title='bbox 952 1236 1033 1299; x_wconf 88' lang='lat' dir='ltr'>item</span> <span class='ocrx_word' id='word_1_71' title='bbox 1050 1235 1147 1299; x_wconf 86' lang='lat' dir='ltr'>Man·</span> 
     </span>
     <span class='ocr_line' id='line_1_10' title="bbox 51 1334 1145 1421; baseline -0.004 -19"><span class='ocrx_word' id='word_1_72' title='bbox 51 1340 130 1403; x_wconf 90' lang='lat' dir='ltr'>dela</span> <span class='ocrx_word' id='word_1_73' title='bbox 154 1344 193 1418; x_wconf 88' lang='grc' dir='ltr'>(ι.</span> <span class='ocrx_word' id='word_1_74' title='bbox 219 1339 329 1421; x_wconf 84' lang='lat' dir='ltr'>Epist.</span> <span class='ocrx_word' id='word_1_75' title='bbox 354 1338 406 1402; x_wconf 88' lang='lat'>18.</span> <span class='ocrx_word' id='word_1_76' title='bbox 435 1334 544 1420; x_wconf 75' lang='lat'>105.);</span> <span class='ocrx_word' id='word_1_77' title='bbox 578 1339 765 1420; x_wconf 84' lang='lat' dir='ltr'>proximum</span> <span class='ocrx_word' id='word_1_78' title='bbox 790 1335 905 1401; x_wconf 84' lang='lat' dir='ltr'>fanum</span> <span class='ocrx_word' id='word_1_79' title='bbox 926 1337 1077 1401; x_wconf 84' lang='lat' dir='ltr'>Vacunae</span> <span class='ocrx_word' id='word_1_80' title='bbox 1104 1338 1145 1420; x_wconf 84' lang='lat' dir='ltr'>(r.</span> 
     </span>
     <span class='ocr_line' id='line_1_11' title="bbox 52 1437 1146 1522; baseline -0.002 -18"><span class='ocrx_word' id='word_1_81' title='bbox 52 1441 160 1522; x_wconf 83' lang='lat' dir='ltr'>Epist.</span> <span class='ocrx_word' id='word_1_82' title='bbox 176 1441 227 1504; x_wconf 93' lang='lat'>10.</span> <span class='ocrx_word' id='word_1_83' title='bbox 243 1445 349 1518; x_wconf 83' lang='lat' dir='ltr'>extr.).</span> <span class='ocrx_word' id='word_1_84' title='bbox 372 1439 463 1521; x_wconf 88' lang='lat' dir='ltr'>Ager</span> <span class='ocrx_word' id='word_1_85' title='bbox 476 1438 649 1502; x_wconf 82' lang='lat' dir='ltr'>dicebatur</span> <span class='ocrx_word' id='word_1_86' title='bbox 663 1439 850 1515; x_wconf 87' lang='lat' dir='ltr'>Bandusia‚</span> <span class='ocrx_word' id='word_1_87' title='bbox 865 1437 956 1501; x_wconf 83' lang='lat' dir='ltr'>fonte</span> <span class='ocrx_word' id='word_1_88' title='bbox 971 1438 1146 1502; x_wconf 89' lang='lat' dir='ltr'>Bandusio</span> 
     </span>
     <span class='ocr_line' id='line_1_12' title="bbox 50 1539 1146 1622; baseline 0 -18"><span class='ocrx_word' id='word_1_89' title='bbox 50 1547 121 1621; x_wconf 93' lang='grc' dir='ltr'><strong>(ιιι.</strong></span> <span class='ocrx_word' id='word_1_90' title='bbox 138 1540 202 1605; x_wconf 83' lang='lat' dir='ltr'>Od·</span> <span class='ocrx_word' id='word_1_91' title='bbox 218 1540 286 1619; x_wconf 85' lang='grc'><strong>13.)</strong></span> <span class='ocrx_word' id='word_1_92' title='bbox 308 1542 462 1622; x_wconf 86' lang='lat' dir='ltr'>insignis,</span> <span class='ocrx_word' id='word_1_93' title='bbox 478 1540 567 1604; x_wconf 89' lang='lat' dir='ltr'>unda</span> <span class='ocrx_word' id='word_1_94' title='bbox 589 1545 679 1604; x_wconf 87' lang='lat' dir='ltr'>ortus</span> <span class='ocrx_word' id='word_1_95' title='bbox 695 1541 786 1604; x_wconf 90' lang='lat' dir='ltr'>rivus</span> <span class='ocrx_word' id='word_1_96' title='bbox 804 1540 961 1620; x_wconf 80' lang='lat' dir='ltr'>Digentia</span> <span class='ocrx_word' id='word_1_97' title='bbox 977 1542 1017 1615; x_wconf 91' lang='grc' dir='ltr'>(ι.</span> <span class='ocrx_word' id='word_1_98' title='bbox 1033 1539 1146 1621; x_wconf 89' lang='lat' dir='ltr'>Epist.</span> 
     </span>
     <span class='ocr_line' id='line_1_13' title="bbox 50 1641 1148 1722; baseline -0.005 -14"><span class='ocrx_word' id='word_1_99' title='bbox 50 1641 228 1720; x_wconf 72' lang='lat' dir='ltr'>1e.1ol.),</span> <span class='ocrx_word' id='word_1_100' title='bbox 255 1643 391 1706; x_wconf 83' lang='lat' dir='ltr'>fundum</span> <span class='ocrx_word' id='word_1_101' title='bbox 421 1642 558 1705; x_wconf 79' lang='lat' dir='ltr'>Horatii</span> <span class='ocrx_word' id='word_1_102' title='bbox 583 1643 732 1706; x_wconf 83' lang='lat' dir='ltr'>suaviter</span> <span class='ocrx_word' id='word_1_103' title='bbox 754 1641 923 1722; x_wconf 79' lang='lat' dir='ltr'>irrigabat.</span> <span class='ocrx_word' id='word_1_104' title='bbox 969 1641 1083 1722; x_wconf 87' lang='lat' dir='ltr'>Sylvis</span> <span class='ocrx_word' id='word_1_105' title='bbox 1114 1647 1148 1704; x_wconf 90' lang='lat' dir='ltr'>et</span> 
     </span>
     <span class='ocr_line' id='line_1_14' title="bbox 49 1742 1147 1825; baseline -0.003 -17"><span class='ocrx_word' id='word_1_106' title='bbox 49 1745 241 1808; x_wconf 86' lang='lat' dir='ltr'>nemoribus</span> <span class='ocrx_word' id='word_1_107' title='bbox 263 1743 493 1807; x_wconf 86' lang='lat' dir='ltr'>amoenissima</span> <span class='ocrx_word' id='word_1_108' title='bbox 515 1749 587 1805; x_wconf 90' lang='lat' dir='ltr'>erat</span> <span class='ocrx_word' id='word_1_109' title='bbox 614 1744 718 1823; x_wconf 93' lang='lat' dir='ltr'>regio,</span> <span class='ocrx_word' id='word_1_110' title='bbox 744 1742 894 1825; x_wconf 87' lang='lat' dir='ltr'>inprimis</span> <span class='ocrx_word' id='word_1_111' title='bbox 918 1760 1035 1805; x_wconf 89' lang='lat' dir='ltr'>versus</span> <span class='ocrx_word' id='word_1_112' title='bbox 1064 1743 1147 1805; x_wconf 92' lang='lat' dir='ltr'>anti·</span> 
     </span>
     <span class='ocr_line' id='line_1_15' title="bbox 50 1840 1146 1927; baseline -0.003 -19"><span class='ocrx_word' id='word_1_113' title='bbox 50 1865 149 1927; x_wconf 91' lang='lat' dir='ltr'>quum</span> <span class='ocrx_word' id='word_1_114' title='bbox 172 1845 332 1927; x_wconf 90' lang='lat' dir='ltr'>templum</span> <span class='ocrx_word' id='word_1_115' title='bbox 357 1843 508 1908; x_wconf 87' lang='lat' dir='ltr'>Vacunae</span> <span class='ocrx_word' id='word_1_116' title='bbox 533 1842 617 1926; x_wconf 91' lang='lat' dir='ltr'>(vid.</span> <span class='ocrx_word' id='word_1_117' title='bbox 643 1844 729 1907; x_wconf 92' lang='lat' dir='ltr'>Pliu.</span> <span class='ocrx_word' id='word_1_118' title='bbox 755 1860 811 1907; x_wconf 96' lang='grc' dir='ltr'>ιιι.</span> <span class='ocrx_word' id='word_1_119' title='bbox 836 1840 916 1926; x_wconf 79' lang='grc'><strong>12),</strong></span> <span class='ocrx_word' id='word_1_120' title='bbox 940 1848 974 1906; x_wconf 90' lang='lat' dir='ltr'>et</span> <span class='ocrx_word' id='word_1_121' title='bbox 1004 1843 1146 1925; x_wconf 90' lang='lat' dir='ltr'>amplius</span> 
     </span>
     <span class='ocr_line' id='line_1_16' title="bbox 49 1943 1146 2028; baseline -0.002 -19"><span class='ocrx_word' id='word_1_122' title='bbox 49 1964 167 2009; x_wconf 87' lang='lat' dir='ltr'>versus</span> <span class='ocrx_word' id='word_1_123' title='bbox 182 1946 341 2009; x_wconf 87' lang='lat' dir='ltr'>Anienem</span> <span class='ocrx_word' id='word_1_124' title='bbox 357 1946 389 2009; x_wconf 87' lang='lat' dir='ltr'>fl.</span> <span class='ocrx_word' id='word_1_125' title='bbox 405 1952 439 2009; x_wconf 91' lang='lat' dir='ltr'>et</span> <span class='ocrx_word' id='word_1_126' title='bbox 452 1945 559 2009; x_wconf 84' lang='lat' dir='ltr'>Tibur</span> <span class='ocrx_word' id='word_1_127' title='bbox 570 1947 767 2028; x_wconf 86' lang='lat' dir='ltr'>sequebatur</span> <span class='ocrx_word' id='word_1_128' title='bbox 780 1948 877 2009; x_wconf 90' lang='lat' dir='ltr'>lucus</span> <span class='ocrx_word' id='word_1_129' title='bbox 884 1944 1034 2008; x_wconf 92' lang='lat' dir='ltr'>Tiburni.</span> <span class='ocrx_word' id='word_1_130' title='bbox 1072 1943 1146 2008; x_wconf 90' lang='lat' dir='ltr'>Nec</span> 
     </span>
     <span class='ocr_line' id='line_1_17' title="bbox 50 2045 1145 2129; baseline -0.002 -20"><span class='ocrx_word' id='word_1_131' title='bbox 50 2046 185 2110; x_wconf 87' lang='lat' dir='ltr'>deerant</span> <span class='ocrx_word' id='word_1_132' title='bbox 200 2065 298 2123; x_wconf 85' lang='lat' dir='ltr'>saxa,</span> <span class='ocrx_word' id='word_1_133' title='bbox 312 2066 423 2129; x_wconf 88' lang='lat' dir='ltr'>rupes,</span> <span class='ocrx_word' id='word_1_134' title='bbox 438 2046 577 2109; x_wconf 86' lang='lat' dir='ltr'>dumeta</span> <span class='ocrx_word' id='word_1_135' title='bbox 591 2049 629 2122; x_wconf 82' lang='lat' dir='ltr'>(r.</span> <span class='ocrx_word' id='word_1_136' title='bbox 641 2046 749 2129; x_wconf 90' lang='lat' dir='ltr'>Epist.</span> <span class='ocrx_word' id='word_1_137' title='bbox 767 2047 818 2109; x_wconf 80' lang='lat' dir='ltr'>lt.</span> <span class='ocrx_word' id='word_1_138' title='bbox 835 2045 921 2129; x_wconf 82' lang='lat'>19.);</span> <span class='ocrx_word' id='word_1_139' title='bbox 943 2054 982 2108; x_wconf 90' lang='lat' dir='ltr'>ut</span> <span class='ocrx_word' id='word_1_140' title='bbox 998 2046 1145 2110; x_wconf 87' lang='lat' dir='ltr'>maxime</span> 
     </span>
     <span class='ocr_line' id='line_1_18' title="bbox 49 2144 1146 2230; baseline -0.001 -20"><span class='ocrx_word' id='word_1_141' title='bbox 49 2147 188 2230; x_wconf 71' lang='lat' dir='ltr'>poetica</span> <span class='ocrx_word' id='word_1_142' title='bbox 209 2148 299 2227; x_wconf 88' lang='lat' dir='ltr'>regio</span> <span class='ocrx_word' id='word_1_143' title='bbox 327 2147 394 2210; x_wconf 91' lang='lat' dir='ltr'>dici</span> <span class='ocrx_word' id='word_1_144' title='bbox 424 2155 548 2228; x_wconf 88' lang='lat' dir='ltr'>posset.</span> <span class='ocrx_word' id='word_1_145' title='bbox 590 2144 632 2207; x_wconf 88' lang='lat' dir='ltr'>ln</span> <span class='ocrx_word' id='word_1_146' title='bbox 657 2148 810 2210; x_wconf 90' lang='lat' dir='ltr'>convalle</span> <span class='ocrx_word' id='word_1_147' title='bbox 834 2147 920 2209; x_wconf 91' lang='lat' dir='ltr'>inter</span> <span class='ocrx_word' id='word_1_148' title='bbox 946 2146 1146 2209; x_wconf 83' lang='lat' dir='ltr'>Lucretilem</span> 
     </span>
     <span class='ocr_line' id='line_1_19' title="bbox 49 2247 1146 2327; baseline -0.003 -15"><span class='ocrx_word' id='word_1_149' title='bbox 49 2256 197 2312; x_wconf 90' lang='lat' dir='ltr'>montem</span> <span class='ocrx_word' id='word_1_150' title='bbox 213 2255 245 2312; x_wconf 92' lang='lat' dir='ltr'>et</span> <span class='ocrx_word' id='word_1_151' title='bbox 261 2247 424 2324; x_wconf 80' lang='lat' dir='ltr'>usticam,</span> <span class='ocrx_word' id='word_1_152' title='bbox 440 2266 600 2310; x_wconf 87' lang='lat' dir='ltr'>saxosum</span> <span class='ocrx_word' id='word_1_153' title='bbox 614 2248 732 2310; x_wconf 90' lang='lat' dir='ltr'>collem</span> <span class='ocrx_word' id='word_1_154' title='bbox 750 2266 770 2309; x_wconf 93' lang='lat' dir='ltr'>a</span> <span class='ocrx_word' id='word_1_155' title='bbox 787 2266 854 2327; x_wconf 94' lang='lat' dir='ltr'>quo</span> <span class='ocrx_word' id='word_1_156' title='bbox 870 2249 946 2327; x_wconf 91' lang='lat' dir='ltr'>ipsa</span> <span class='ocrx_word' id='word_1_157' title='bbox 961 2249 1060 2310; x_wconf 90' lang='lat' dir='ltr'>etiam</span> <span class='ocrx_word' id='word_1_158' title='bbox 1076 2248 1146 2310; x_wconf 92' lang='lat' dir='ltr'>val·</span> 
     </span>
     <span class='ocr_line' id='line_1_20' title="bbox 49 2346 1145 2428; baseline 0.001 -18"><span class='ocrx_word' id='word_1_159' title='bbox 49 2349 91 2412; x_wconf 86' lang='lat' dir='ltr'>lis</span> <span class='ocrx_word' id='word_1_160' title='bbox 107 2350 228 2412; x_wconf 89' lang='lat' dir='ltr'>Ustica</span> <span class='ocrx_word' id='word_1_161' title='bbox 243 2349 344 2424; x_wconf 86' lang='lat' dir='ltr'>dicta,</span> <span class='ocrx_word' id='word_1_162' title='bbox 360 2367 425 2410; x_wconf 91' lang='lat' dir='ltr'>non</span> <span class='ocrx_word' id='word_1_163' title='bbox 447 2349 564 2428; x_wconf 89' lang='lat' dir='ltr'>procul</span> <span class='ocrx_word' id='word_1_164' title='bbox 580 2346 669 2409; x_wconf 83' lang='lat' dir='ltr'>sonte</span> <span class='ocrx_word' id='word_1_165' title='bbox 685 2347 858 2408; x_wconf 91' lang='lat' dir='ltr'>Bandusio</span> <span class='ocrx_word' id='word_1_166' title='bbox 872 2347 952 2421; x_wconf 88' lang='lat' dir='ltr'>(vid.</span> <span class='ocrx_word' id='word_1_167' title='bbox 970 2363 1010 2410; x_wconf 91' lang='grc' dir='ltr'>ιι.</span> <span class='ocrx_word' id='word_1_168' title='bbox 1027 2348 1098 2410; x_wconf 89' lang='lat' dir='ltr'>Sat.</span> <span class='ocrx_word' id='word_1_169' title='bbox 1112 2349 1145 2410; x_wconf 91' lang='grc'>6.</span> 
     </span>
     <span class='ocr_line' id='line_1_21' title="bbox 49 2445 1146 2527; baseline -0.004 -15"><span class='ocrx_word' id='word_1_170' title='bbox 49 2451 105 2525; x_wconf 76' lang='grc'><strong>2.),</strong></span> <span class='ocrx_word' id='word_1_171' title='bbox 123 2450 234 2511; x_wconf 91' lang='lat' dir='ltr'>villam</span> <span class='ocrx_word' id='word_1_172' title='bbox 249 2450 357 2526; x_wconf 88' lang='lat' dir='ltr'>ipsam</span> <span class='ocrx_word' id='word_1_173' title='bbox 381 2448 527 2527; x_wconf 90' lang='lat' dir='ltr'>positam</span> <span class='ocrx_word' id='word_1_174' title='bbox 550 2445 654 2506; x_wconf 84' lang='lat' dir='ltr'>fuisse</span> <span class='ocrx_word' id='word_1_175' title='bbox 677 2445 852 2527; x_wconf 88' lang='lat' dir='ltr'>probabile</span> <span class='ocrx_word' id='word_1_176' title='bbox 873 2453 933 2506; x_wconf 90' lang='lat' dir='ltr'>est.</span> <span class='ocrx_word' id='word_1_177' title='bbox 970 2446 1146 2526; x_wconf 86' lang='lat' dir='ltr'>Eleganter</span> 
     </span>
     <span class='ocr_line' id='line_1_22' title="bbox 50 2545 1144 2626; baseline 0 -16"><span class='ocrx_word' id='word_1_178' title='bbox 50 2554 120 2611; x_wconf 88' lang='lat' dir='ltr'>orat</span> <span class='ocrx_word' id='word_1_179' title='bbox 145 2546 313 2608; x_wconf 87' lang='lat' dir='ltr'>aedificata</span> <span class='ocrx_word' id='word_1_180' title='bbox 335 2546 377 2607; x_wconf 88' lang='lat' dir='ltr'>da</span> <span class='ocrx_word' id='word_1_181' title='bbox 403 2545 481 2607; x_wconf 90' lang='lat' dir='ltr'>albo</span> <span class='ocrx_word' id='word_1_182' title='bbox 502 2545 615 2626; x_wconf 86' lang='lat' dir='ltr'>lapide</span> <span class='ocrx_word' id='word_1_183' title='bbox 639 2546 820 2608; x_wconf 81' lang='lat' dir='ltr'>Tiburtino</span> <span class='ocrx_word' id='word_1_184' title='bbox 861 2546 1022 2608; x_wconf 87' lang='lat' dir='ltr'>Habebat</span> <span class='ocrx_word' id='word_1_185' title='bbox 1050 2548 1082 2608; x_wconf 89' lang='lat' dir='ltr'>in</span> <span class='ocrx_word' id='word_1_186' title='bbox 1104 2567 1144 2610; x_wconf 88' lang='lat' dir='ltr'>ea</span> 
     </span>
     <span class='ocr_line' id='line_1_23' title="bbox 51 2645 1144 2728; baseline 0 -17"><span class='ocrx_word' id='word_1_187' title='bbox 51 2648 215 2711; x_wconf 91' lang='lat' dir='ltr'>Horatius</span> <span class='ocrx_word' id='word_1_188' title='bbox 237 2645 384 2708; x_wconf 88' lang='lat' dir='ltr'>villicum</span> <span class='ocrx_word' id='word_1_189' title='bbox 407 2664 483 2706; x_wconf 88' lang='lat' dir='ltr'>curn</span> <span class='ocrx_word' id='word_1_190' title='bbox 507 2653 586 2707; x_wconf 91' lang='lat' dir='ltr'>octo</span> <span class='ocrx_word' id='word_1_191' title='bbox 608 2647 726 2718; x_wconf 84' lang='lat' dir='ltr'>servis,</span> <span class='ocrx_word' id='word_1_192' title='bbox 744 2652 777 2708; x_wconf 91' lang='lat' dir='ltr'>et</span> <span class='ocrx_word' id='word_1_193' title='bbox 799 2647 957 2709; x_wconf 88' lang='lat' dir='ltr'>vivebant</span> <span class='ocrx_word' id='word_1_194' title='bbox 980 2649 1012 2709; x_wconf 90' lang='lat' dir='ltr'>in</span> <span class='ocrx_word' id='word_1_195' title='bbox 1037 2649 1144 2728; x_wconf 86' lang='lat' dir='ltr'>agello</span> 
     </span>
     <span class='ocr_line' id='line_1_24' title="bbox 50 2744 1142 2830; baseline 0 -20"><span class='ocrx_word' id='word_1_196' title='bbox 50 2748 196 2830; x_wconf 88' lang='lat' dir='ltr'>quinque</span> <span class='ocrx_word' id='word_1_197' title='bbox 217 2745 352 2808; x_wconf 87' lang='lat' dir='ltr'>samiliae</span> <span class='ocrx_word' id='word_1_198' title='bbox 372 2751 412 2821; x_wconf 91' lang='grc' dir='ltr'>(ι.</span> <span class='ocrx_word' id='word_1_199' title='bbox 431 2745 537 2826; x_wconf 89' lang='lat' dir='ltr'>Epist.</span> <span class='ocrx_word' id='word_1_200' title='bbox 552 2747 604 2807; x_wconf 73' lang='lat'>14.</span> <span class='ocrx_word' id='word_1_201' title='bbox 620 2744 684 2828; x_wconf 85' lang='lat'>3.);</span> <span class='ocrx_word' id='word_1_202' title='bbox 707 2746 795 2807; x_wconf 89' lang='lat' dir='ltr'>unde</span> <span class='ocrx_word' id='word_1_203' title='bbox 812 2749 895 2809; x_wconf 86' lang='lat' dir='ltr'>satis</span> <span class='ocrx_word' id='word_1_204' title='bbox 920 2748 1047 2809; x_wconf 89' lang='lat' dir='ltr'>lautum</span> <span class='ocrx_word' id='word_1_205' title='bbox 1069 2750 1142 2810; x_wconf 86' lang='lat' dir='ltr'>fun·</span> 
     </span>
     <span class='ocr_line' id='line_1_25' title="bbox 30 2845 1142 2928; baseline 0.003 -20"><span class='ocrx_word' id='word_1_206' title='bbox 30 2859 34 2871; x_wconf 92' lang='grc'><em>’</em></span> <span class='ocrx_word' id='word_1_207' title='bbox 50 2847 128 2908; x_wconf 91' lang='lat' dir='ltr'>dum</span> <span class='ocrx_word' id='word_1_208' title='bbox 143 2847 249 2908; x_wconf 80' lang='lat' dir='ltr'>fuisse</span> <span class='ocrx_word' id='word_1_209' title='bbox 264 2845 475 2925; x_wconf 86' lang='lat' dir='ltr'>intelligatur.</span> <span class='ocrx_word' id='word_1_210' title='bbox 515 2846 729 2928; x_wconf 90' lang='lat' dir='ltr'>Scripseruut</span> <span class='ocrx_word' id='word_1_211' title='bbox 743 2846 840 2927; x_wconf 89' lang='lat' dir='ltr'>plura</span> <span class='ocrx_word' id='word_1_212' title='bbox 856 2847 896 2908; x_wconf 91' lang='lat' dir='ltr'>de</span> <span class='ocrx_word' id='word_1_213' title='bbox 913 2848 993 2909; x_wconf 87' lang='lat' dir='ltr'>villa</span> <span class='ocrx_word' id='word_1_214' title='bbox 1009 2848 1142 2911; x_wconf 87' lang='lat' dir='ltr'>Horatii</span> 
     </span>
     <span class='ocr_line' id='line_1_26' title="bbox 50 2945 1141 3027; baseline 0.002 -19"><span class='ocrx_word' id='word_1_215' title='bbox 50 2946 180 3010; x_wconf 87' lang='lat' dir='ltr'>Cluver.</span> <span class='ocrx_word' id='word_1_216' title='bbox 196 2945 273 3009; x_wconf 82' lang='lat' dir='ltr'>Aut.</span> <span class='ocrx_word' id='word_1_217' title='bbox 291 2945 367 3008; x_wconf 91' lang='lat' dir='ltr'>ltal.</span> <span class='ocrx_word' id='word_1_218' title='bbox 386 2962 425 3009; x_wconf 91' lang='grc' dir='ltr'>ιι.</span> <span class='ocrx_word' id='word_1_219' title='bbox 441 2947 472 3010; x_wconf 92' lang='grc'>9.</span> <span class='ocrx_word' id='word_1_220' title='bbox 490 2965 564 3027; x_wconf 92' lang='lat' dir='ltr'>sqq.</span> <span class='ocrx_word' id='word_1_221' title='bbox 584 2954 617 3010; x_wconf 92' lang='lat' dir='ltr'>et</span> <span class='ocrx_word' id='word_1_222' title='bbox 640 2965 770 3026; x_wconf 88' lang='lat' dir='ltr'>magno,</span> <span class='ocrx_word' id='word_1_223' title='bbox 794 2946 878 3008; x_wconf 90' lang='lat' dir='ltr'>sorte</span> <span class='ocrx_word' id='word_1_224' title='bbox 901 2948 1003 3010; x_wconf 88' lang='lat' dir='ltr'>nimio</span> <span class='ocrx_word' id='word_1_225' title='bbox 1018 2949 1141 3025; x_wconf 89' lang='lat' dir='ltr'>studio,</span> 
     </span>
     <span class='ocr_line' id='line_1_27' title="bbox 51 3046 1143 3131; baseline 0.001 -21"><span class='ocrx_word' id='word_1_226' title='bbox 51 3048 100 3110; x_wconf 90' lang='lat' dir='ltr'>M.</span> <span class='ocrx_word' id='word_1_227' title='bbox 116 3047 156 3110; x_wconf 87' lang='lat' dir='ltr'>L.</span> <span class='ocrx_word' id='word_1_228' title='bbox 172 3047 364 3128; x_wconf 86' lang='lat' dir='ltr'>Capmartin</span> <span class='ocrx_word' id='word_1_229' title='bbox 382 3047 423 3110; x_wconf 91' lang='lat' dir='ltr'>de</span> <span class='ocrx_word' id='word_1_230' title='bbox 437 3046 567 3131; x_wconf 87' lang='lat' dir='ltr'>Chaupi</span> <span class='ocrx_word' id='word_1_231' title='bbox 584 3049 616 3111; x_wconf 92' lang='lat' dir='ltr'>in</span> <span class='ocrx_word' id='word_1_232' title='bbox 633 3054 642 3081; x_wconf 88' lang='lat'>‘</span> <span class='ocrx_word' id='word_1_233' title='bbox 657 3048 869 3111; x_wconf 77' lang='lat' dir='ltr'>Decouverte</span> <span class='ocrx_word' id='word_1_234' title='bbox 888 3048 929 3109; x_wconf 90' lang='lat' dir='ltr'>de</span> <span class='ocrx_word' id='word_1_235' title='bbox 949 3047 983 3108; x_wconf 90' lang='lat' dir='ltr'>la</span> <span class='ocrx_word' id='word_1_236' title='bbox 1007 3046 1143 3111; x_wconf 89' lang='lat' dir='ltr'>Maisou</span> 
     </span>
     <span class='ocr_line' id='line_1_28' title="bbox 50 3147 1142 3228; baseline 0.003 -18"><span class='ocrx_word' id='word_1_237' title='bbox 50 3148 90 3211; x_wconf 88' lang='lat' dir='ltr'>de</span> <span class='ocrx_word' id='word_1_238' title='bbox 106 3147 299 3228; x_wconf 87' lang='lat' dir='ltr'>Campagne</span> <span class='ocrx_word' id='word_1_239' title='bbox 316 3148 497 3224; x_wconf 86' lang='lat' dir='ltr'>d&#39;Horace,</span> <span class='ocrx_word' id='word_1_240' title='bbox 520 3149 642 3212; x_wconf 84' lang='lat' dir='ltr'>Tomos</span> <span class='ocrx_word' id='word_1_241' title='bbox 662 3165 720 3213; x_wconf 93' lang='grc' dir='ltr'>ιιι.</span> <span class='ocrx_word' id='word_1_242' title='bbox 744 3149 853 3211; x_wconf 87' lang='lat' dir='ltr'>Rome</span> <span class='ocrx_word' id='word_1_243' title='bbox 875 3150 977 3213; x_wconf 66' lang='grc'><strong>17673</strong></span> <span class='ocrx_word' id='word_1_244' title='bbox 996 3149 1028 3213; x_wconf 86' lang='grc'>8.</span> <span class='ocrx_word' id='word_1_245' title='bbox 1067 3151 1142 3213; x_wconf 90' lang='lat' dir='ltr'>Ele-</span> 
     </span>
     <span class='ocr_line' id='line_1_29' title="bbox 49 3249 1140 3332; baseline 0.003 -21"><span class='ocrx_word' id='word_1_246' title='bbox 49 3249 177 3329; x_wconf 87' lang='lat' dir='ltr'>gantior</span> <span class='ocrx_word' id='word_1_247' title='bbox 190 3250 293 3310; x_wconf 91' lang='lat' dir='ltr'>multo</span> <span class='ocrx_word' id='word_1_248' title='bbox 307 3256 361 3311; x_wconf 90' lang='lat' dir='ltr'>est</span> <span class='ocrx_word' id='word_1_249' title='bbox 377 3249 543 3312; x_wconf 91' lang='lat' dir='ltr'>Dominici</span> <span class='ocrx_word' id='word_1_250' title='bbox 553 3253 563 3280; x_wconf 91' lang='lat'>‘</span> <span class='ocrx_word' id='word_1_251' title='bbox 574 3249 617 3313; x_wconf 89' lang='lat' dir='ltr'>de</span> <span class='ocrx_word' id='word_1_252' title='bbox 630 3251 761 3313; x_wconf 89' lang='lat' dir='ltr'>Sanctis</span> <span class='ocrx_word' id='word_1_253' title='bbox 772 3249 1020 3314; x_wconf 85' lang='lat' dir='ltr'>Dissertazione</span> <span class='ocrx_word' id='word_1_254' title='bbox 1037 3271 1140 3332; x_wconf 88' lang='lat' dir='ltr'>sopra</span> 
     </span>
     <span class='ocr_line' id='line_1_30' title="bbox 48 3348 548 3414; baseline -0.006 0"><span class='ocrx_word' id='word_1_255' title='bbox 48 3351 82 3414; x_wconf 91' lang='lat' dir='ltr'>la</span> <span class='ocrx_word' id='word_1_256' title='bbox 97 3348 192 3413; x_wconf 89' lang='lat' dir='ltr'>Villa</span> <span class='ocrx_word' id='word_1_257' title='bbox 208 3349 248 3411; x_wconf 91' lang='lat' dir='ltr'>de</span> <span class='ocrx_word' id='word_1_258' title='bbox 264 3348 385 3412; x_wconf 89' lang='lat' dir='ltr'>Orazio</span> <span class='ocrx_word' id='word_1_259' title='bbox 401 3349 548 3412; x_wconf 87' lang='lat' dir='ltr'>Flacco.’</span> 
     </span>
    </p>
   </div>
   <div class='ocr_carea' id='block_1_5' title="bbox 0 0 1208 4200">
    <p class='ocr_par' dir='ltr' id='par_1_5' title="bbox 0 0 1208 4200">
     <span class='ocr_line' id='line_1_31' title="bbox 0 0 1208 4200; baseline 0 1"><span class='ocrx_word' id='word_1_260' title='bbox 0 0 1208 4200; x_wconf 95' lang='lat' dir='ltr'> </span> 
     </span>
    </p>
   </div>
  </div>
 </body>
</html>
