<?xml version="1.0" encoding="UTF-8"?>
<!DOCTYPE html PUBLIC "-//W3C//DTD XHTML 1.0 Transitional//EN"
    "http://www.w3.org/TR/xhtml1/DTD/xhtml1-transitional.dtd">
<html xmlns="http://www.w3.org/1999/xhtml" xml:lang="en" lang="en">
 <head>
  <title>
</title>
<meta http-equiv="Content-Type" content="text/html;charset=utf-8" />
  <meta name='ocr-system' content='tesseract 3.04.00' />
  <meta name='ocr-capabilities' content='ocr_page ocr_carea ocr_par ocr_line ocrx_word'/>
</head>
<body>
  <div class='ocr_page' id='page_1' title='image "./quintihoratiifl00zeungoog_0357.png"; bbox 0 0 2408 4200; ppageno 0'>
   <div class='ocr_carea' id='block_1_1' title="bbox 418 271 788 332">
    <p class='ocr_par' dir='ltr' id='par_1_1' title="bbox 418 271 788 332">
     <span class='ocr_line' id='line_1_1' title="bbox 418 271 788 332; baseline -0.008 -12"><span class='ocrx_word' id='word_1_1' title='bbox 418 274 452 332; x_wconf 80' lang='lat' dir='ltr'>o.</span> <span class='ocrx_word' id='word_1_2' title='bbox 475 271 632 320; x_wconf 80' lang='lat' dir='ltr'>nonsart</span> <span class='ocrx_word' id='word_1_3' title='bbox 659 271 788 320; x_wconf 72' lang='lat' dir='ltr'>rnucor</span> 
     </span>
    </p>
   </div>
   <div class='ocr_carea' id='block_1_2' title="bbox 496 522 709 589">
    <p class='ocr_par' dir='ltr' id='par_1_2' title="bbox 496 522 709 589">
     <span class='ocr_line' id='line_1_2' title="bbox 496 522 709 589; baseline -0.005 -2"><span class='ocrx_word' id='word_1_4' title='bbox 496 522 594 587; x_wconf 76' lang='lat' dir='ltr'>01)ss</span> <span class='ocrx_word' id='word_1_5' title='bbox 617 522 709 589; x_wconf 85' lang='lat' dir='ltr'>XX.</span> 
     </span>
    </p>
   </div>
   <div class='ocr_carea' id='block_1_3' title="bbox 439 696 769 744">
    <p class='ocr_par' dir='ltr' id='par_1_3' title="bbox 439 696 769 744">
     <span class='ocr_line' id='line_1_3' title="bbox 439 696 769 744; baseline -0.003 0"><span class='ocrx_word' id='word_1_6' title='bbox 439 697 490 744; x_wconf 72' lang='lat' dir='ltr'>Al)</span> <span class='ocrx_word' id='word_1_7' title='bbox 514 696 769 744; x_wconf 64' lang='lat' dir='ltr'>maternitati.</span> 
     </span>
    </p>
   </div>
   <div class='ocr_carea' id='block_1_4' title="bbox 156 827 1114 1130">
    <p class='ocr_par' dir='ltr' id='par_1_4' title="bbox 156 827 1114 1130">
     <span class='ocr_line' id='line_1_4' title="bbox 156 827 1002 891; baseline -0.007 -13"><span class='ocrx_word' id='word_1_8' title='bbox 156 829 279 878; x_wconf 83' lang='lat' dir='ltr'>floratlsr</span> <span class='ocrx_word' id='word_1_9' title='bbox 289 827 315 876; x_wconf 89' lang='lat' dir='ltr'>in</span> <span class='ocrx_word' id='word_1_10' title='bbox 324 840 431 891; x_wconf 77' lang='lat' dir='ltr'>cycnum</span> <span class='ocrx_word' id='word_1_11' title='bbox 444 840 533 877; x_wconf 78' lang='lat' dir='ltr'>versas</span> <span class='ocrx_word' id='word_1_12' title='bbox 543 828 689 878; x_wconf 81' lang='lat' dir='ltr'>universnm</span> <span class='ocrx_word' id='word_1_13' title='bbox 700 828 789 878; x_wconf 83' lang='lat' dir='ltr'>orbem</span> <span class='ocrx_word' id='word_1_14' title='bbox 801 827 888 878; x_wconf 82' lang='lat' dir='ltr'>volatu</span> <span class='ocrx_word' id='word_1_15' title='bbox 899 827 1002 876; x_wconf 81' lang='lat' dir='ltr'>lustrat.</span> 
     </span>
     <span class='ocr_line' id='line_1_5' title="bbox 260 906 982 971; baseline 0.001 -15"><span class='ocrx_word' id='word_1_16' title='bbox 260 909 269 935; x_wconf 79' lang='lat'><em>⁴</em></span> <span class='ocrx_word' id='word_1_17' title='bbox 283 908 366 956; x_wconf 85' lang='lat' dir='ltr'>Nemo</span> <span class='ocrx_word' id='word_1_18' title='bbox 376 920 417 956; x_wconf 82' lang='lat' dir='ltr'>me</span> <span class='ocrx_word' id='word_1_19' title='bbox 428 907 550 971; x_wconf 77' lang='lat' dir='ltr'>lacrymis</span> <span class='ocrx_word' id='word_1_20' title='bbox 561 907 677 970; x_wconf 84' lang='lat' dir='ltr'>decoret,</span> <span class='ocrx_word' id='word_1_21' title='bbox 686 922 734 958; x_wconf 85' lang='lat' dir='ltr'>nec</span> <span class='ocrx_word' id='word_1_22' title='bbox 745 908 836 958; x_wconf 77' lang='lat' dir='ltr'>struere</span> <span class='ocrx_word' id='word_1_23' title='bbox 846 906 910 958; x_wconf 88' lang='lat' dir='ltr'>detn</span> <span class='ocrx_word' id='word_1_24' title='bbox 978 914 982 921; x_wconf 88' lang='lat'>&#39;</span> 
     </span>
     <span class='ocr_line' id='line_1_6' title="bbox 281 985 861 1051; baseline 0.002 -16"><span class='ocrx_word' id='word_1_25' title='bbox 281 985 373 1035; x_wconf 76' lang='lat' dir='ltr'>Fuit:</span> <span class='ocrx_word' id='word_1_26' title='bbox 388 985 461 1036; x_wconf 80' lang='lat' dir='ltr'>cur?</span> <span class='ocrx_word' id='word_1_27' title='bbox 474 987 554 1036; x_wconf 85' lang='lat' dir='ltr'>volito</span> <span class='ocrx_word' id='word_1_28' title='bbox 568 987 637 1035; x_wconf 84' lang='lat' dir='ltr'>rlrn&#39;</span> <span class='ocrx_word' id='word_1_29' title='bbox 649 1000 751 1051; x_wconf 80' lang='lat' dir='ltr'>perora</span> <span class='ocrx_word' id='word_1_30' title='bbox 762 986 861 1036; x_wconf 59' lang='lat' dir='ltr'>viram?</span> 
     </span>
     <span class='ocr_line' id='line_1_7' title="bbox 570 1063 1114 1130; baseline -0.013 -14"><span class='ocrx_word' id='word_1_31' title='bbox 570 1067 735 1130; x_wconf 77' lang='lat' dir='ltr'>Epitaphium</span> <span class='ocrx_word' id='word_1_32' title='bbox 746 1067 822 1116; x_wconf 82' lang='lat' dir='ltr'>Ennii</span> <span class='ocrx_word' id='word_1_33' title='bbox 832 1080 875 1130; x_wconf 81' lang='lat' dir='ltr'>ap.</span> <span class='ocrx_word' id='word_1_34' title='bbox 887 1065 942 1115; x_wconf 76' lang='lat' dir='ltr'>Cic.</span> <span class='ocrx_word' id='word_1_35' title='bbox 952 1063 1031 1112; x_wconf 75' lang='lat' dir='ltr'>rure.</span> <span class='ocrx_word' id='word_1_36' title='bbox 1043 1074 1063 1112; x_wconf 88' lang='grc' dir='ltr'>ι.</span> <span class='ocrx_word' id='word_1_37' title='bbox 1075 1065 1114 1109; x_wconf 82' lang='lat' dir='ltr'>ta.</span> 
     </span>
    </p>
   </div>
   <div class='ocr_carea' id='block_1_5' title="bbox 57 1170 1152 2587">
    <p class='ocr_par' dir='ltr' id='par_1_5' title="bbox 57 1170 1152 2587">
     <span class='ocr_line' id='line_1_8' title="bbox 57 1170 1151 1242; baseline -0.008 -15"><span class='ocrx_word' id='word_1_38' title='bbox 57 1175 146 1240; x_wconf 85' lang='lat' dir='ltr'>(Circa</span> <span class='ocrx_word' id='word_1_39' title='bbox 157 1177 232 1240; x_wconf 83' lang='lat' dir='ltr'>hujus</span> <span class='ocrx_word' id='word_1_40' title='bbox 244 1176 369 1226; x_wconf 85' lang='lat' dir='ltr'>Carminis</span> <span class='ocrx_word' id='word_1_41' title='bbox 380 1184 556 1242; x_wconf 72' lang='lat' dir='ltr'>argumentum</span> <span class='ocrx_word' id='word_1_42' title='bbox 567 1191 596 1227; x_wconf 82' lang='lat' dir='ltr'>aa</span> <span class='ocrx_word' id='word_1_43' title='bbox 604 1179 686 1242; x_wconf 78' lang='lat' dir='ltr'>ipsam</span> <span class='ocrx_word' id='word_1_44' title='bbox 694 1178 882 1242; x_wconf 75' lang='lat' dir='ltr'>qnodrmmodo</span> <span class='ocrx_word' id='word_1_45' title='bbox 894 1187 1026 1239; x_wconf 83' lang='lat' dir='ltr'>superasse</span> <span class='ocrx_word' id='word_1_46' title='bbox 1035 1170 1151 1221; x_wconf 75' lang='lat' dir='ltr'>lindoi-</span> 
     </span>
     <span class='ocr_line' id='line_1_9' title="bbox 89 1251 1150 1324; baseline -0.004 -20"><span class='ocrx_word' id='word_1_47' title='bbox 89 1271 138 1305; x_wconf 85' lang='lat' dir='ltr'>nna</span> <span class='ocrx_word' id='word_1_48' title='bbox 149 1256 190 1305; x_wconf 88' lang='lat' dir='ltr'>bic</span> <span class='ocrx_word' id='word_1_49' title='bbox 208 1255 318 1306; x_wconf 81' lang='lat' dir='ltr'>ridetur.</span> <span class='ocrx_word' id='word_1_50' title='bbox 350 1258 562 1322; x_wconf 52' lang='lat' dir='ltr'>‘Prosopopoein</span> <span class='ocrx_word' id='word_1_51' title='bbox 580 1259 673 1324; x_wconf 85' lang='lat' dir='ltr'>inquit,</span> <span class='ocrx_word' id='word_1_52' title='bbox 689 1259 745 1310; x_wconf 77' lang='lat' dir='ltr'>bare</span> <span class='ocrx_word' id='word_1_53' title='bbox 762 1265 802 1308; x_wconf 82' lang='lat' dir='ltr'>ert</span> <span class='ocrx_word' id='word_1_54' title='bbox 812 1258 907 1308; x_wconf 81' lang='lat' dir='ltr'>cbristi</span> <span class='ocrx_word' id='word_1_55' title='bbox 925 1251 1104 1316; x_wconf 78' lang='lat' dir='ltr'>triumphantis</span> <span class='ocrx_word' id='word_1_56' title='bbox 1119 1258 1150 1300; x_wconf 87' lang='lat' dir='ltr'>et</span> 
     </span>
     <span class='ocr_line' id='line_1_10' title="bbox 88 1328 1148 1400; baseline -0.012 -12"><span class='ocrx_word' id='word_1_57' title='bbox 88 1337 195 1388; x_wconf 72' lang='lat' dir='ltr'>Judaeos</span> <span class='ocrx_word' id='word_1_58' title='bbox 206 1337 361 1400; x_wconf 85' lang='lat' dir='ltr'>alloquentis</span> <span class='ocrx_word' id='word_1_59' title='bbox 380 1338 469 1388; x_wconf 82' lang='lat' dir='ltr'>statim</span> <span class='ocrx_word' id='word_1_60' title='bbox 484 1351 514 1388; x_wconf 87' lang='lat' dir='ltr'>ac</span> <span class='ocrx_word' id='word_1_61' title='bbox 525 1338 684 1389; x_wconf 59' lang='lat' dir='ltr'>resumsit?</span> <span class='ocrx_word' id='word_1_62' title='bbox 717 1340 841 1390; x_wconf 80' lang='lat' dir='ltr'>Nolumus</span> <span class='ocrx_word' id='word_1_63' title='bbox 855 1337 983 1387; x_wconf 74' lang='lat' dir='ltr'>berereor</span> <span class='ocrx_word' id='word_1_64' title='bbox 993 1331 1088 1381; x_wconf 79' lang='lat' dir='ltr'>crimen</span> <span class='ocrx_word' id='word_1_65' title='bbox 1101 1328 1148 1376; x_wconf 86' lang='lat' dir='ltr'>im·</span> 
     </span>
     <span class='ocr_line' id='line_1_11' title="bbox 89 1406 1148 1481; baseline -0.003 -19"><span class='ocrx_word' id='word_1_66' title='bbox 89 1417 196 1478; x_wconf 72' lang='lat' dir='ltr'>pingere</span> <span class='ocrx_word' id='word_1_67' title='bbox 216 1429 248 1464; x_wconf 82' lang='lat' dir='ltr'>ex</span> <span class='ocrx_word' id='word_1_68' title='bbox 265 1416 463 1479; x_wconf 81' lang='lat' dir='ltr'>Prosopopmiaa</span> <span class='ocrx_word' id='word_1_69' title='bbox 481 1418 765 1481; x_wconf 61' lang='lat' dir='ltr'>appenninumque</span> <span class='ocrx_word' id='word_1_70' title='bbox 783 1419 864 1469; x_wconf 82' lang='lat' dir='ltr'>minus</span> <span class='ocrx_word' id='word_1_71' title='bbox 878 1416 994 1466; x_wconf 74' lang='lat' dir='ltr'>refutare</span> <span class='ocrx_word' id='word_1_72' title='bbox 1013 1406 1148 1459; x_wconf 77' lang='lat' dir='ltr'>mirificam</span> 
     </span>
     <span class='ocr_line' id='line_1_12' title="bbox 88 1478 1152 1561; baseline -0.008 -20"><span class='ocrx_word' id='word_1_73' title='bbox 88 1493 258 1554; x_wconf 66' lang='lat' dir='ltr'>seutentiam</span> <span class='ocrx_word' id='word_1_74' title='bbox 270 1494 315 1542; x_wconf 84' lang='lat' dir='ltr'>sed</span> <span class='ocrx_word' id='word_1_75' title='bbox 328 1495 439 1555; x_wconf 72' lang='lat' dir='ltr'>naucula</span> <span class='ocrx_word' id='word_1_76' title='bbox 452 1494 529 1543; x_wconf 83' lang='lat' dir='ltr'>modo</span> <span class='ocrx_word' id='word_1_77' title='bbox 540 1496 682 1558; x_wconf 71' lang='lat' dir='ltr'>decerpere</span> <span class='ocrx_word' id='word_1_78' title='bbox 693 1498 727 1546; x_wconf 90' lang='lat' dir='ltr'>de</span> <span class='ocrx_word' id='word_1_79' title='bbox 742 1497 965 1561; x_wconf 83' lang='lat' dir='ltr'>interpretatione.</span> <span class='ocrx_word' id='word_1_80' title='bbox 997 1478 1152 1539; x_wconf 81' lang='lat' dir='ltr'>‘Bit&#39;orrnia&#39;</span> 
     </span>
     <span class='ocr_line' id='line_1_13' title="bbox 87 1566 1146 1635; baseline -0.005 -15"><span class='ocrx_word' id='word_1_81' title='bbox 87 1573 128 1621; x_wconf 86' lang='lat' dir='ltr'>bic</span> <span class='ocrx_word' id='word_1_82' title='bbox 141 1580 247 1621; x_wconf 82' lang='lat' dir='ltr'>vocatur</span> <span class='ocrx_word' id='word_1_83' title='bbox 258 1573 383 1632; x_wconf 81' lang='lat' dir='ltr'>Christus,</span> <span class='ocrx_word' id='word_1_84' title='bbox 398 1573 477 1635; x_wconf 85' lang='lat' dir='ltr'>‘qnia</span> <span class='ocrx_word' id='word_1_85' title='bbox 486 1573 560 1621; x_wconf 85' lang='lat' dir='ltr'>simul</span> <span class='ocrx_word' id='word_1_86' title='bbox 576 1574 602 1621; x_wconf 88' lang='lat' dir='ltr'>ln</span> <span class='ocrx_word' id='word_1_87' title='bbox 618 1573 701 1623; x_wconf 78' lang='lat' dir='ltr'>{orma</span> <span class='ocrx_word' id='word_1_88' title='bbox 711 1576 761 1624; x_wconf 86' lang='lat' dir='ltr'>Del</span> <span class='ocrx_word' id='word_1_89' title='bbox 772 1582 800 1624; x_wconf 85' lang='lat' dir='ltr'>et</span> <span class='ocrx_word' id='word_1_90' title='bbox 810 1577 836 1623; x_wconf 85' lang='lat' dir='ltr'>in</span> <span class='ocrx_word' id='word_1_91' title='bbox 847 1573 930 1623; x_wconf 77' lang='lat' dir='ltr'>forma</span> <span class='ocrx_word' id='word_1_92' title='bbox 938 1569 1025 1621; x_wconf 61' lang='lat' dir='ltr'>servi)</span> <span class='ocrx_word' id='word_1_93' title='bbox 1057 1566 1098 1615; x_wconf 78' lang='lat' dir='ltr'>Ad</span> <span class='ocrx_word' id='word_1_94' title='bbox 1109 1579 1146 1614; x_wconf 84' lang='lat' dir='ltr'>rr.</span> 
     </span>
     <span class='ocr_line' id='line_1_14' title="bbox 87 1648 1149 1717; baseline -0.006 -17"><span class='ocrx_word' id='word_1_95' title='bbox 87 1656 112 1703; x_wconf 73' lang='lat' dir='ltr'>t.</span> <span class='ocrx_word' id='word_1_96' title='bbox 128 1652 292 1714; x_wconf 61' lang='lat' dir='ltr'>‘Allegorim</span> <span class='ocrx_word' id='word_1_97' title='bbox 315 1651 409 1717; x_wconf 86' lang='lat' dir='ltr'>lnquit,</span> <span class='ocrx_word' id='word_1_98' title='bbox 425 1665 482 1715; x_wconf 81' lang='lat' dir='ltr'>part</span> <span class='ocrx_word' id='word_1_99' title='bbox 501 1652 586 1701; x_wconf 82' lang='lat' dir='ltr'>alters</span> <span class='ocrx_word' id='word_1_100' title='bbox 604 1652 730 1715; x_wconf 84' lang='lat' dir='ltr'>seqnitur,</span> <span class='ocrx_word' id='word_1_101' title='bbox 749 1667 807 1716; x_wconf 74' lang='lat' dir='ltr'>qum</span> <span class='ocrx_word' id='word_1_102' title='bbox 831 1653 937 1700; x_wconf 77' lang='lat' dir='ltr'>Fratres</span> <span class='ocrx_word' id='word_1_103' title='bbox 957 1648 1149 1697; x_wconf 66' lang='lat' dir='ltr'>Prndicatores</span> 
     </span>
     <span class='ocr_line' id='line_1_15' title="bbox 87 1727 1149 1794; baseline -0.005 -17"><span class='ocrx_word' id='word_1_104' title='bbox 87 1732 169 1780; x_wconf 82' lang='lat' dir='ltr'>suncti</span> <span class='ocrx_word' id='word_1_105' title='bbox 180 1731 309 1781; x_wconf 86' lang='lat' dir='ltr'>Dominici</span> <span class='ocrx_word' id='word_1_106' title='bbox 322 1731 435 1780; x_wconf 85' lang='lat' dir='ltr'>alumnos</span> <span class='ocrx_word' id='word_1_107' title='bbox 447 1731 731 1794; x_wconf 67' lang='lat' dir='ltr'>egregleeommendst.</span> <span class='ocrx_word' id='word_1_108' title='bbox 763 1730 929 1779; x_wconf 82' lang='lat' dir='ltr'>Vaticinatnr</span> <span class='ocrx_word' id='word_1_109' title='bbox 940 1729 1007 1775; x_wconf 82' lang='lat' dir='ltr'>enim</span> <span class='ocrx_word' id='word_1_110' title='bbox 1019 1727 1149 1784; x_wconf 81' lang='lat' dir='ltr'>cbristus,</span> 
     </span>
     <span class='ocr_line' id='line_1_16' title="bbox 86 1803 1148 1872; baseline -0.006 -16"><span class='ocrx_word' id='word_1_111' title='bbox 86 1823 114 1857; x_wconf 85' lang='lat' dir='ltr'>re</span> <span class='ocrx_word' id='word_1_112' title='bbox 126 1809 175 1858; x_wconf 86' lang='lat' dir='ltr'>illia</span> <span class='ocrx_word' id='word_1_113' title='bbox 189 1809 351 1872; x_wconf 82' lang='lat' dir='ltr'>prreconlbna</span> <span class='ocrx_word' id='word_1_114' title='bbox 362 1809 494 1872; x_wconf 73' lang='lat' dir='ltr'>Evangelii</span> <span class='ocrx_word' id='word_1_115' title='bbox 504 1809 543 1858; x_wconf 83' lang='lat' dir='ltr'>snl</span> <span class='ocrx_word' id='word_1_116' title='bbox 554 1823 645 1872; x_wconf 78' lang='lat' dir='ltr'>...per</span> <span class='ocrx_word' id='word_1_117' title='bbox 656 1809 801 1872; x_wconf 82' lang='lat' dir='ltr'>complures</span> <span class='ocrx_word' id='word_1_118' title='bbox 810 1807 880 1860; x_wconf 92' lang='lat' dir='ltr'>orbis</span> <span class='ocrx_word' id='word_1_119' title='bbox 892 1805 1035 1870; x_wconf 78' lang='lat' dir='ltr'>provincias</span> <span class='ocrx_word' id='word_1_120' title='bbox 1047 1803 1148 1852; x_wconf 81' lang='lat' dir='ltr'>volatu-</span> 
     </span>
     <span class='ocr_line' id='line_1_17' title="bbox 88 1879 1146 1951; baseline -0.008 -16"><span class='ocrx_word' id='word_1_121' title='bbox 88 1901 142 1935; x_wconf 85' lang='lat' dir='ltr'>rum</span> <span class='ocrx_word' id='word_1_122' title='bbox 151 1887 200 1923; x_wconf 79' lang='lat'>&#39;-‘</span> <span class='ocrx_word' id='word_1_123' title='bbox 213 1887 300 1936; x_wconf 87' lang='lat' dir='ltr'>alitem</span> <span class='ocrx_word' id='word_1_124' title='bbox 313 1886 410 1936; x_wconf 82' lang='lat' dir='ltr'>albnm&#39;</span> <span class='ocrx_word' id='word_1_125' title='bbox 424 1888 610 1951; x_wconf 83' lang='lat' dir='ltr'>interpretator</span> <span class='ocrx_word' id='word_1_126' title='bbox 620 1888 730 1936; x_wconf 85' lang='lat' dir='ltr'>candida</span> <span class='ocrx_word' id='word_1_127' title='bbox 741 1894 812 1938; x_wconf 81' lang='lat' dir='ltr'>reste</span> <span class='ocrx_word' id='word_1_128' title='bbox 823 1885 1049 1936; x_wconf 69' lang='lat' dir='ltr'>indutum—Qum</span> <span class='ocrx_word' id='word_1_129' title='bbox 1065 1879 1146 1929; x_wconf 83' lang='lat' dir='ltr'>‘resi-</span> 
     </span>
     <span class='ocr_line' id='line_1_18' title="bbox 86 1960 1146 2030; baseline -0.007 -18"><span class='ocrx_word' id='word_1_130' title='bbox 86 1964 151 2012; x_wconf 91' lang='lat' dir='ltr'>dunt</span> <span class='ocrx_word' id='word_1_131' title='bbox 162 1967 243 2028; x_wconf 84' lang='lat' dir='ltr'>pelles</span> <span class='ocrx_word' id='word_1_132' title='bbox 255 1966 372 2016; x_wconf 86' lang='lat' dir='ltr'>cruribus</span> <span class='ocrx_word' id='word_1_133' title='bbox 384 1965 500 2029; x_wconf 51' lang='grc' dir='ltr'>προικί</span> <span class='ocrx_word' id='word_1_134' title='bbox 516 1980 606 2016; x_wconf 82' lang='lat' dir='ltr'>ocreas</span> <span class='ocrx_word' id='word_1_135' title='bbox 621 1967 753 2030; x_wconf 70' lang='lat' dir='ltr'>intelligit.</span> <span class='ocrx_word' id='word_1_136' title='bbox 764 1967 856 2030; x_wconf 79' lang='lat' dir='ltr'>quibas</span> <span class='ocrx_word' id='word_1_137' title='bbox 867 1965 984 2029; x_wconf 86' lang='lat' dir='ltr'>equitans</span> <span class='ocrx_word' id='word_1_138' title='bbox 998 1960 1146 2011; x_wconf 82' lang='lat' dir='ltr'>Dominiea·</span> 
     </span>
     <span class='ocr_line' id='line_1_19' title="bbox 85 2044 1146 2110; baseline -0.001 -21"><span class='ocrx_word' id='word_1_139' title='bbox 85 2057 133 2090; x_wconf 85' lang='lat' dir='ltr'>nus</span> <span class='ocrx_word' id='word_1_140' title='bbox 152 2058 227 2092; x_wconf 82' lang='lat' dir='ltr'>crura</span> <span class='ocrx_word' id='word_1_141' title='bbox 245 2045 436 2108; x_wconf 77' lang='lat' dir='ltr'>tegit.&#39;-0hel</span> <span class='ocrx_word' id='word_1_142' title='bbox 449 2047 505 2108; x_wconf 82' lang='lat' dir='ltr'>jam</span> <span class='ocrx_word' id='word_1_143' title='bbox 522 2046 585 2096; x_wconf 85' lang='lat' dir='ltr'>satis</span> <span class='ocrx_word' id='word_1_144' title='bbox 603 2054 658 2096; x_wconf 83' lang='lat' dir='ltr'>est:</span> <span class='ocrx_word' id='word_1_145' title='bbox 678 2047 721 2110; x_wconf 90' lang='lat' dir='ltr'>qui</span> <span class='ocrx_word' id='word_1_146' title='bbox 739 2047 826 2096; x_wconf 82' lang='lat' dir='ltr'>valido</span> <span class='ocrx_word' id='word_1_147' title='bbox 844 2044 974 2094; x_wconf 74' lang='lat' dir='ltr'>stomacho</span> <span class='ocrx_word' id='word_1_148' title='bbox 991 2047 1041 2100; x_wconf 81' lang='lat' dir='ltr'>ert,</span> <span class='ocrx_word' id='word_1_149' title='bbox 1056 2045 1146 2102; x_wconf 83' lang='lat' dir='ltr'>potest</span> 
     </span>
     <span class='ocr_line' id='line_1_20' title="bbox 82 2119 1146 2193; baseline -0.002 -25"><span class='ocrx_word' id='word_1_150' title='bbox 82 2122 176 2193; x_wconf 45' lang='lat' dir='ltr'>libra-in</span> <span class='ocrx_word' id='word_1_151' title='bbox 188 2121 267 2173; x_wconf 76' lang='lat' dir='ltr'>edire.</span> <span class='ocrx_word' id='word_1_152' title='bbox 302 2124 437 2175; x_wconf 76' lang='lat' dir='ltr'>Clauditur</span> <span class='ocrx_word' id='word_1_153' title='bbox 448 2126 582 2176; x_wconf 83' lang='lat' dir='ltr'>annotatio</span> <span class='ocrx_word' id='word_1_154' title='bbox 600 2126 631 2175; x_wconf 84' lang='lat' dir='ltr'>ad</span> <span class='ocrx_word' id='word_1_155' title='bbox 648 2127 712 2175; x_wconf 86' lang='lat' dir='ltr'>banc</span> <span class='ocrx_word' id='word_1_156' title='bbox 730 2126 806 2176; x_wconf 89' lang='lat' dir='ltr'>Oden</span> <span class='ocrx_word' id='word_1_157' title='bbox 821 2126 875 2175; x_wconf 85' lang='lat' dir='ltr'>ita:</span> <span class='ocrx_word' id='word_1_158' title='bbox 892 2124 965 2173; x_wconf 77' lang='lat' dir='ltr'>‘Aut</span> <span class='ocrx_word' id='word_1_159' title='bbox 976 2122 1039 2171; x_wconf 89' lang='lat' dir='ltr'>nibil</span> <span class='ocrx_word' id='word_1_160' title='bbox 1056 2120 1082 2169; x_wconf 90' lang='lat' dir='ltr'>ln</span> <span class='ocrx_word' id='word_1_161' title='bbox 1092 2119 1146 2167; x_wconf 86' lang='lat' dir='ltr'>nlln</span> 
     </span>
     <span class='ocr_line' id='line_1_21' title="bbox 86 2197 1145 2270; baseline -0.002 -23"><span class='ocrx_word' id='word_1_162' title='bbox 86 2201 222 2265; x_wconf 77' lang='lat' dir='ltr'>aenigmate</span> <span class='ocrx_word' id='word_1_163' title='bbox 235 2203 405 2268; x_wconf 82' lang='lat' dir='ltr'>rideo&#39;(quis</span> <span class='ocrx_word' id='word_1_164' title='bbox 423 2205 471 2254; x_wconf 90' lang='lat' dir='ltr'>boc</span> <span class='ocrx_word' id='word_1_165' title='bbox 490 2205 638 2268; x_wconf 85' lang='lat' dir='ltr'>suspicetur</span> <span class='ocrx_word' id='word_1_166' title='bbox 648 2205 681 2255; x_wconf 91' lang='lat' dir='ltr'>de</span> <span class='ocrx_word' id='word_1_167' title='bbox 699 2206 762 2270; x_wconf 85' lang='lat' dir='ltr'>viro,</span> <span class='ocrx_word' id='word_1_168' title='bbox 774 2206 817 2270; x_wconf 90' lang='lat' dir='ltr'>qni</span> <span class='ocrx_word' id='word_1_169' title='bbox 835 2212 873 2255; x_wconf 93' lang='lat' dir='ltr'>tot</span> <span class='ocrx_word' id='word_1_170' title='bbox 891 2216 1050 2253; x_wconf 86' lang='lat' dir='ltr'>nummorum</span> <span class='ocrx_word' id='word_1_171' title='bbox 1066 2197 1145 2260; x_wconf 74' lang='lat' dir='ltr'>arnig-</span> 
     </span>
     <span class='ocr_line' id='line_1_22' title="bbox 85 2280 1147 2348; baseline 0.003 -21"><span class='ocrx_word' id='word_1_172' title='bbox 85 2288 155 2328; x_wconf 85' lang='lat' dir='ltr'>snata</span> <span class='ocrx_word' id='word_1_173' title='bbox 163 2282 448 2347; x_wconf 84' lang='lat' dir='ltr'>solvit,viditqueqnod</span> <span class='ocrx_word' id='word_1_174' title='bbox 457 2298 577 2348; x_wconf 86' lang='lat' dir='ltr'>nusquam</span> <span class='ocrx_word' id='word_1_175' title='bbox 587 2283 688 2346; x_wconf 81' lang='lat' dir='ltr'>crati)‘</span> <span class='ocrx_word' id='word_1_176' title='bbox 698 2293 741 2334; x_wconf 89' lang='lat' dir='ltr'>ant</span> <span class='ocrx_word' id='word_1_177' title='bbox 750 2284 896 2334; x_wconf 86' lang='lat' dir='ltr'>indubitata</span> <span class='ocrx_word' id='word_1_178' title='bbox 906 2283 963 2332; x_wconf 76' lang='lat' dir='ltr'>ltaec</span> <span class='ocrx_word' id='word_1_179' title='bbox 972 2288 1056 2330; x_wconf 87' lang='lat' dir='ltr'>nostra</span> <span class='ocrx_word' id='word_1_180' title='bbox 1067 2280 1147 2330; x_wconf 89' lang='lat' dir='ltr'>iuter·</span> 
     </span>
     <span class='ocr_line' id='line_1_23' title="bbox 85 2359 1145 2428; baseline 0.001 -21"><span class='ocrx_word' id='word_1_181' title='bbox 85 2362 200 2421; x_wconf 82' lang='lat' dir='ltr'>prelatio</span> <span class='ocrx_word' id='word_1_182' title='bbox 215 2361 295 2411; x_wconf 85' lang='lat' dir='ltr'>debet</span> <span class='ocrx_word' id='word_1_183' title='bbox 313 2363 395 2411; x_wconf 85' lang='lat' dir='ltr'>rideri</span> <span class='ocrx_word' id='word_1_184' title='bbox 410 2363 630 2426; x_wconf 66' lang='lat' dir='ltr'>ingeniosissime,</span> <span class='ocrx_word' id='word_1_185' title='bbox 648 2372 678 2412; x_wconf 90' lang='lat' dir='ltr'>ut</span> <span class='ocrx_word' id='word_1_186' title='bbox 694 2379 763 2413; x_wconf 79' lang='lat' dir='ltr'>nrrnc</span> <span class='ocrx_word' id='word_1_187' title='bbox 780 2366 884 2428; x_wconf 82' lang='lat' dir='ltr'>quidem</span> <span class='ocrx_word' id='word_1_188' title='bbox 901 2364 1022 2422; x_wconf 77' lang='lat' dir='ltr'>arbitror,</span> <span class='ocrx_word' id='word_1_189' title='bbox 1033 2359 1145 2409; x_wconf 85' lang='lat' dir='ltr'>omnium</span> 
     </span>
     <span class='ocr_line' id='line_1_24' title="bbox 86 2438 1144 2507; baseline -0.004 -20"><span class='ocrx_word' id='word_1_190' title='bbox 86 2438 202 2489; x_wconf 88' lang='lat' dir='ltr'>Odarnm</span> <span class='ocrx_word' id='word_1_191' title='bbox 223 2441 453 2493; x_wconf 82' lang='lat' dir='ltr'>Pseudo-Horatii.</span> <span class='ocrx_word' id='word_1_192' title='bbox 487 2445 570 2495; x_wconf 83' lang='lat' dir='ltr'>Quam</span> <span class='ocrx_word' id='word_1_193' title='bbox 592 2444 615 2491; x_wconf 84' lang='lat' dir='ltr'>ri</span> <span class='ocrx_word' id='word_1_194' title='bbox 636 2444 693 2507; x_wconf 83' lang='lat' dir='ltr'>quis</span> <span class='ocrx_word' id='word_1_195' title='bbox 709 2443 851 2493; x_wconf 87' lang='lat' dir='ltr'>contendat</span> <span class='ocrx_word' id='word_1_196' title='bbox 873 2443 945 2491; x_wconf 85' lang='lat' dir='ltr'>annis</span> <span class='ocrx_word' id='word_1_197' title='bbox 969 2440 1035 2488; x_wconf 85' lang='lat' dir='ltr'>hand</span> <span class='ocrx_word' id='word_1_198' title='bbox 1055 2438 1144 2499; x_wconf 80' lang='lat' dir='ltr'>prucis</span> 
     </span>
     <span class='ocr_line' id='line_1_25' title="bbox 85 2517 1145 2587; baseline -0.003 -21"><span class='ocrx_word' id='word_1_199' title='bbox 85 2521 208 2581; x_wconf 86' lang='lat' dir='ltr'>scriptam</span> <span class='ocrx_word' id='word_1_200' title='bbox 230 2520 309 2570; x_wconf 83' lang='lat' dir='ltr'>l&#39;nisre</span> <span class='ocrx_word' id='word_1_201' title='bbox 330 2528 388 2585; x_wconf 87' lang='lat' dir='ltr'>post</span> <span class='ocrx_word' id='word_1_202' title='bbox 408 2523 469 2570; x_wconf 83' lang='lat' dir='ltr'>alias</span> <span class='ocrx_word' id='word_1_203' title='bbox 489 2523 619 2585; x_wconf 84' lang='lat' dir='ltr'>plurimas,</span> <span class='ocrx_word' id='word_1_204' title='bbox 634 2538 717 2587; x_wconf 90' lang='lat' dir='ltr'>neque</span> <span class='ocrx_word' id='word_1_205' title='bbox 744 2524 834 2572; x_wconf 86' lang='lat' dir='ltr'>horum</span> <span class='ocrx_word' id='word_1_206' title='bbox 853 2522 1029 2572; x_wconf 76' lang='lat' dir='ltr'>collectionem</span> <span class='ocrx_word' id='word_1_207' title='bbox 1048 2517 1145 2566; x_wconf 86' lang='lat' dir='ltr'>Carmi-</span> 
     </span>
    </p>
   </div>
   <div class='ocr_carea' id='block_1_6' title="bbox 85 2594 1145 2740">
    <p class='ocr_par' dir='ltr' id='par_1_6' title="bbox 85 2594 1145 2740">
     <span class='ocr_line' id='line_1_26' title="bbox 85 2594 1145 2671; baseline -0.001 -27"><span class='ocrx_word' id='word_1_208' title='bbox 85 2613 144 2645; x_wconf 89' lang='lat' dir='ltr'>num</span> <span class='ocrx_word' id='word_1_209' title='bbox 157 2601 238 2649; x_wconf 83' lang='lat' dir='ltr'>lucem</span> <span class='ocrx_word' id='word_1_210' title='bbox 250 2603 381 2671; x_wconf 78' lang='lat' dir='ltr'>aspexisse</span> <span class='ocrx_word' id='word_1_211' title='bbox 394 2610 454 2651; x_wconf 82' lang='lat' dir='ltr'>ante</span> <span class='ocrx_word' id='word_1_212' title='bbox 470 2617 562 2651; x_wconf 84' lang='lat' dir='ltr'>annum</span> <span class='ocrx_word' id='word_1_213' title='bbox 580 2603 685 2652; x_wconf 86' lang='lat' dir='ltr'>circiter</span> <span class='ocrx_word' id='word_1_214' title='bbox 702 2607 774 2653; x_wconf 80' lang='lat' dir='ltr'>lton.</span> <span class='ocrx_word' id='word_1_215' title='bbox 791 2603 859 2652; x_wconf 89' lang='lat' dir='ltr'>baud</span> <span class='ocrx_word' id='word_1_216' title='bbox 877 2608 983 2665; x_wconf 75' lang='lat' dir='ltr'>grauate</span> <span class='ocrx_word' id='word_1_217' title='bbox 1001 2594 1145 2648; x_wconf 62' lang='lat' dir='ltr'>aasentias!</span> 
     </span>
     <span class='ocr_line' id='line_1_27' title="bbox 87 2678 173 2740; baseline 0.023 -16"><span class='ocrx_word' id='word_1_218' title='bbox 87 2678 173 2740; x_wconf 73' lang='lat' dir='ltr'>Gerr.)</span> 
     </span>
    </p>
   </div>
   <div class='ocr_carea' id='block_1_7' title="bbox 225 2778 727 2842">
    <p class='ocr_par' dir='ltr' id='par_1_7' title="bbox 225 2778 727 2842">
     <span class='ocr_line' id='line_1_28' title="bbox 225 2778 727 2842; baseline 0.002 -2"><span class='ocrx_word' id='word_1_219' title='bbox 225 2778 310 2840; x_wconf 79' lang='lat' dir='ltr'>Non</span> <span class='ocrx_word' id='word_1_220' title='bbox 326 2778 449 2841; x_wconf 83' lang='lat' dir='ltr'>usitata</span> <span class='ocrx_word' id='word_1_221' title='bbox 465 2797 526 2841; x_wconf 90' lang='lat' dir='ltr'>nec</span> <span class='ocrx_word' id='word_1_222' title='bbox 541 2779 630 2842; x_wconf 87' lang='lat' dir='ltr'>tenui</span> <span class='ocrx_word' id='word_1_223' title='bbox 643 2779 727 2842; x_wconf 78' lang='lat' dir='ltr'>ferar</span> 
     </span>
    </p>
   </div>
   <div class='ocr_carea' id='block_1_8' title="bbox 86 2921 1142 2989">
    <p class='ocr_par' dir='ltr' id='par_1_8' title="bbox 86 2921 1142 2989">
     <span class='ocr_line' id='line_1_29' title="bbox 86 2921 1142 2989; baseline 0.005 -22"><span class='ocrx_word' id='word_1_224' title='bbox 86 2921 137 2969; x_wconf 78' lang='lat' dir='ltr'>Nec</span> <span class='ocrx_word' id='word_1_225' title='bbox 146 2923 215 2970; x_wconf 82' lang='lat' dir='ltr'>solitu</span> <span class='ocrx_word' id='word_1_226' title='bbox 225 2938 267 2972; x_wconf 80' lang='lat' dir='ltr'>uec</span> <span class='ocrx_word' id='word_1_227' title='bbox 277 2924 322 2972; x_wconf 79' lang='lat' dir='ltr'>leui</span> <span class='ocrx_word' id='word_1_228' title='bbox 335 2939 378 2986; x_wconf 77' lang='lat' dir='ltr'>per</span> <span class='ocrx_word' id='word_1_229' title='bbox 388 2925 443 2974; x_wconf 72' lang='lat' dir='ltr'>airu</span> <span class='ocrx_word' id='word_1_230' title='bbox 453 2926 569 2989; x_wconf 72' lang='lat' dir='ltr'>fluentem</span> <span class='ocrx_word' id='word_1_231' title='bbox 579 2927 618 2973; x_wconf 85' lang='lat' dir='ltr'>olo</span> <span class='ocrx_word' id='word_1_232' title='bbox 627 2926 701 2974; x_wconf 76' lang='lat' dir='ltr'>orbor</span> <span class='ocrx_word' id='word_1_233' title='bbox 711 2940 753 2986; x_wconf 75' lang='lat' dir='ltr'>ego</span> <span class='ocrx_word' id='word_1_234' title='bbox 770 2927 846 2975; x_wconf 67' lang='lat' dir='ltr'>Poeta</span> <span class='ocrx_word' id='word_1_235' title='bbox 857 2928 946 2989; x_wconf 74' lang='lat' dir='ltr'>duplici</span> <span class='ocrx_word' id='word_1_236' title='bbox 954 2928 1036 2985; x_wconf 85' lang='lat' dir='ltr'>sorum</span> <span class='ocrx_word' id='word_1_237' title='bbox 1045 2925 1142 2987; x_wconf 72' lang='lat' dir='ltr'>podem.</span> 
     </span>
    </p>
   </div>
   <div class='ocr_carea' id='block_1_9' title="bbox 508 3050 685 3070">
    <p class='ocr_par' dir='ltr' id='par_1_9' title="bbox 508 3050 685 3070">
     <span class='ocr_line' id='line_1_30' title="bbox 508 3050 685 3070; baseline -0.006 0"><span class='ocrx_word' id='word_1_238' title='bbox 508 3050 610 3070; x_wconf 59' lang='lat' dir='ltr'>um</span> <span class='ocrx_word' id='word_1_239' title='bbox 612 3052 685 3070; x_wconf 60' lang='lat'><em>00000</em></span> 
     </span>
    </p>
   </div>
   <div class='ocr_carea' id='block_1_10' title="bbox 51 3128 1141 3325">
    <p class='ocr_par' dir='ltr' id='par_1_10' title="bbox 51 3128 1141 3325">
     <span class='ocr_line' id='line_1_31' title="bbox 85 3128 1141 3192; baseline 0.007 -22"><span class='ocrx_word' id='word_1_240' title='bbox 85 3128 143 3173; x_wconf 78' lang='lat' dir='ltr'>(lde</span> <span class='ocrx_word' id='word_1_241' title='bbox 155 3129 254 3179; x_wconf 81' lang='lat' dir='ltr'>decima</span> <span class='ocrx_word' id='word_1_242' title='bbox 265 3132 342 3181; x_wconf 90' lang='lat' dir='ltr'>tertia</span> <span class='ocrx_word' id='word_1_243' title='bbox 361 3133 432 3182; x_wconf 90' lang='lat' dir='ltr'>Libri</span> <span class='ocrx_word' id='word_1_244' title='bbox 445 3134 517 3183; x_wconf 88' lang='lat' dir='ltr'>tertii</span> <span class='ocrx_word' id='word_1_245' title='bbox 532 3135 557 3184; x_wconf 92' lang='lat' dir='ltr'>in</span> <span class='ocrx_word' id='word_1_246' title='bbox 576 3135 623 3183; x_wconf 85' lang='lat' dir='ltr'>Ed.</span> <span class='ocrx_word' id='word_1_247' title='bbox 639 3136 736 3184; x_wconf 88' lang='lat' dir='ltr'>Sanad.</span> <span class='ocrx_word' id='word_1_248' title='bbox 773 3137 823 3183; x_wconf 83' lang='lat' dir='ltr'>Nec</span> <span class='ocrx_word' id='word_1_249' title='bbox 842 3134 932 3181; x_wconf 78' lang='lat' dir='ltr'>usitato</span> <span class='ocrx_word' id='word_1_250' title='bbox 949 3129 1051 3192; x_wconf 89' lang='lat' dir='ltr'>quidam</span> <span class='ocrx_word' id='word_1_251' title='bbox 1063 3130 1141 3178; x_wconf 87' lang='lat' dir='ltr'>codd.</span> 
     </span>
     <span class='ocr_line' id='line_1_32' title="bbox 51 3194 1140 3248; baseline 0.006 -14"><span class='ocrx_word' id='word_1_252' title='bbox 51 3203 93 3234; x_wconf 79' lang='lat' dir='ltr'>nec</span> <span class='ocrx_word' id='word_1_253' title='bbox 104 3194 168 3236; x_wconf 80' lang='lat' dir='ltr'>tenui</span> <span class='ocrx_word' id='word_1_254' title='bbox 177 3208 264 3240; x_wconf 87' lang='lat' dir='ltr'>omnes</span> <span class='ocrx_word' id='word_1_255' title='bbox 277 3196 331 3245; x_wconf 81' lang='lat' dir='ltr'>iere</span> <span class='ocrx_word' id='word_1_256' title='bbox 343 3198 417 3247; x_wconf 84' lang='lat' dir='ltr'>codd.</span> <span class='ocrx_word' id='word_1_257' title='bbox 428 3200 465 3248; x_wconf 89' lang='lat' dir='ltr'>ita</span> <span class='ocrx_word' id='word_1_258' title='bbox 478 3208 550 3248; x_wconf 88' lang='lat' dir='ltr'>certe</span> <span class='ocrx_word' id='word_1_259' title='bbox 561 3200 634 3247; x_wconf 84' lang='lat' dir='ltr'>Harl.</span> <span class='ocrx_word' id='word_1_260' title='bbox 650 3204 670 3247; x_wconf 91' lang='lat' dir='ltr'>l.</span> <span class='ocrx_word' id='word_1_261' title='bbox 689 3205 714 3247; x_wconf 74' lang='lat'>⁶2.</span> <span class='ocrx_word' id='word_1_262' title='bbox 730 3202 754 3246; x_wconf 72' lang='lat' dir='ltr'>b.</span> <span class='ocrx_word' id='word_1_263' title='bbox 765 3203 789 3245; x_wconf 80' lang='lat' dir='ltr'>d.</span> <span class='ocrx_word' id='word_1_264' title='bbox 807 3203 831 3245; x_wconf 80' lang='lat' dir='ltr'>b.</span> <span class='ocrx_word' id='word_1_265' title='bbox 841 3201 866 3244; x_wconf 80' lang='lat' dir='ltr'>d.</span> <span class='ocrx_word' id='word_1_266' title='bbox 885 3204 912 3244; x_wconf 86' lang='lat' dir='ltr'>et</span> <span class='ocrx_word' id='word_1_267' title='bbox 930 3195 990 3244; x_wconf 88' lang='lat' dir='ltr'>edd.</span> <span class='ocrx_word' id='word_1_268' title='bbox 1011 3202 1075 3242; x_wconf 83' lang='lat' dir='ltr'>vett.</span> <span class='ocrx_word' id='word_1_269' title='bbox 1093 3194 1140 3241; x_wconf 85' lang='lat' dir='ltr'>sed</span> 
     </span>
     <span class='ocr_line' id='line_1_33' title="bbox 51 3253 1140 3325; baseline 0.009 -30"><span class='ocrx_word' id='word_1_270' title='bbox 51 3265 82 3296; x_wconf 84' lang='lat' dir='ltr'>ex</span> <span class='ocrx_word' id='word_1_271' title='bbox 96 3253 207 3301; x_wconf 74' lang='lat' dir='ltr'>Bentleii</span> <span class='ocrx_word' id='word_1_272' title='bbox 225 3258 317 3318; x_wconf 71' lang='lat' dir='ltr'>Regin·</span> <span class='ocrx_word' id='word_1_273' title='bbox 336 3267 362 3307; x_wconf 85' lang='lat' dir='ltr'>et</span> <span class='ocrx_word' id='word_1_274' title='bbox 375 3262 493 3312; x_wconf 84' lang='lat' dir='ltr'>Petrens.</span> <span class='ocrx_word' id='word_1_275' title='bbox 514 3264 600 3312; x_wconf 89' lang='lat' dir='ltr'>Bentl.</span> <span class='ocrx_word' id='word_1_276' title='bbox 617 3264 725 3325; x_wconf 81' lang='lat' dir='ltr'>Cnning.</span> <span class='ocrx_word' id='word_1_277' title='bbox 743 3259 835 3309; x_wconf 88' lang='lat' dir='ltr'>Sanad.</span> <span class='ocrx_word' id='word_1_278' title='bbox 855 3260 921 3309; x_wconf 83' lang='lat' dir='ltr'>Sivr.</span> <span class='ocrx_word' id='word_1_279' title='bbox 943 3259 1013 3321; x_wconf 82' lang='lat' dir='ltr'>Jaui,</span> <span class='ocrx_word' id='word_1_280' title='bbox 1035 3259 1140 3322; x_wconf 80' lang='lat' dir='ltr'>Bipont.</span> 
     </span>
    </p>
   </div>
   <div class='ocr_carea' id='block_1_11' title="bbox 542 3376 648 3424">
    <p class='ocr_par' dir='ltr' id='par_1_11' title="bbox 542 3376 648 3424">
     <span class='ocr_line' id='line_1_34' title="bbox 542 3376 648 3424; baseline 0.019 -2"><span class='ocrx_word' id='word_1_281' title='bbox 542 3376 648 3424; x_wconf 76' lang='lat' dir='ltr'>NOTAE</span> 
     </span>
    </p>
   </div>
   <div class='ocr_carea' id='block_1_12' title="bbox 48 3457 1141 4132">
    <p class='ocr_par' dir='ltr' id='par_1_12' title="bbox 82 3457 1140 3530">
     <span class='ocr_line' id='line_1_35' title="bbox 82 3457 1140 3530; baseline 0.006 -25"><span class='ocrx_word' id='word_1_282' title='bbox 82 3457 196 3505; x_wconf 79' lang='lat' dir='ltr'>Mettum</span> <span class='ocrx_word' id='word_1_283' title='bbox 209 3459 276 3508; x_wconf 88' lang='lat' dir='ltr'>idern</span> <span class='ocrx_word' id='word_1_284' title='bbox 289 3465 355 3524; x_wconf 89' lang='lat' dir='ltr'>quod</span> <span class='ocrx_word' id='word_1_285' title='bbox 369 3479 449 3525; x_wconf 77' lang='lat' dir='ltr'>surpra</span> <span class='ocrx_word' id='word_1_286' title='bbox 460 3482 478 3515; x_wconf 91' lang='grc' dir='ltr'>ι.</span> <span class='ocrx_word' id='word_1_287' title='bbox 491 3468 542 3516; x_wconf 91' lang='lat' dir='ltr'>0d.</span> <span class='ocrx_word' id='word_1_288' title='bbox 551 3474 574 3518; x_wconf 84' lang='lat'>9.</span> <span class='ocrx_word' id='word_1_289' title='bbox 616 3485 664 3518; x_wconf 91' lang='lat' dir='ltr'>nec</span> <span class='ocrx_word' id='word_1_290' title='bbox 676 3469 777 3517; x_wconf 88' lang='lat' dir='ltr'>omnino</span> <span class='ocrx_word' id='word_1_291' title='bbox 795 3467 849 3517; x_wconf 90' lang='lat' dir='ltr'>sine</span> <span class='ocrx_word' id='word_1_292' title='bbox 869 3482 956 3530; x_wconf 81' lang='lat' dir='ltr'>cansa,</span> <span class='ocrx_word' id='word_1_293' title='bbox 970 3468 1070 3529; x_wconf 82' lang='lat' dir='ltr'>jactare</span> <span class='ocrx_word' id='word_1_294' title='bbox 1082 3465 1140 3511; x_wconf 90' lang='lat' dir='ltr'>soli·</span> 
     </span>
    </p>

    <p class='ocr_par' dir='ltr' id='par_1_13' title="bbox 48 3532 1141 4132">
     <span class='ocr_line' id='line_1_36' title="bbox 84 3532 1140 3603; baseline 0.009 -25"><span class='ocrx_word' id='word_1_295' title='bbox 84 3536 94 3578; x_wconf 94' lang='lat' dir='ltr'>l</span> <span class='ocrx_word' id='word_1_296' title='bbox 116 3532 171 3578; x_wconf 86' lang='lat' dir='ltr'>Nou</span> <span class='ocrx_word' id='word_1_297' title='bbox 189 3533 286 3596; x_wconf 81' lang='lat' dir='ltr'>usitato,</span> <span class='ocrx_word' id='word_1_298' title='bbox 302 3537 353 3598; x_wconf 61' lang='lat' dir='ltr'>dyc]</span> <span class='ocrx_word' id='word_1_299' title='bbox 371 3539 485 3603; x_wconf 79' lang='lat' dir='ltr'>Scaliger</span> <span class='ocrx_word' id='word_1_300' title='bbox 498 3543 575 3594; x_wconf 74' lang='lat' dir='ltr'>Pobt.</span> <span class='ocrx_word' id='word_1_301' title='bbox 616 3548 648 3593; x_wconf 81' lang='lat' dir='ltr'>tis</span> <span class='ocrx_word' id='word_1_302' title='bbox 671 3552 823 3592; x_wconf 85' lang='lat' dir='ltr'>succenseat</span> <span class='ocrx_word' id='word_1_303' title='bbox 846 3557 949 3592; x_wconf 84' lang='lat' dir='ltr'>necesse</span> <span class='ocrx_word' id='word_1_304' title='bbox 971 3547 1019 3588; x_wconf 87' lang='lat' dir='ltr'>est.</span> <span class='ocrx_word' id='word_1_305' title='bbox 1058 3539 1140 3587; x_wconf 91' lang='lat' dir='ltr'>Panlo</span> 
     </span>
     <span class='ocr_line' id='line_1_37' title="bbox 50 3607 1141 3682; baseline 0.004 -26"><span class='ocrx_word' id='word_1_306' title='bbox 50 3607 95 3657; x_wconf 91' lang='lat' dir='ltr'>lib.</span> <span class='ocrx_word' id='word_1_307' title='bbox 109 3622 148 3655; x_wconf 85' lang='lat' dir='ltr'>vr.</span> <span class='ocrx_word' id='word_1_308' title='bbox 183 3608 259 3656; x_wconf 81' lang='lat' dir='ltr'>Oden</span> <span class='ocrx_word' id='word_1_309' title='bbox 273 3612 338 3660; x_wconf 87' lang='lat' dir='ltr'>banc</span> <span class='ocrx_word' id='word_1_310' title='bbox 350 3616 386 3661; x_wconf 90' lang='lat' dir='ltr'>ait</span> <span class='ocrx_word' id='word_1_311' title='bbox 406 3615 506 3680; x_wconf 77' lang='lat' dir='ltr'>‘magui</span> <span class='ocrx_word' id='word_1_312' title='bbox 524 3621 575 3682; x_wconf 80' lang='lat' dir='ltr'>spi·</span> <span class='ocrx_word' id='word_1_313' title='bbox 615 3626 688 3666; x_wconf 87' lang='lat' dir='ltr'>certe</span> <span class='ocrx_word' id='word_1_314' title='bbox 704 3618 825 3666; x_wconf 86' lang='lat' dir='ltr'>audacius</span> <span class='ocrx_word' id='word_1_315' title='bbox 843 3618 952 3665; x_wconf 78' lang='lat' dir='ltr'>canebat</span> <span class='ocrx_word' id='word_1_316' title='bbox 974 3621 1002 3661; x_wconf 89' lang='lat' dir='ltr'>et</span> <span class='ocrx_word' id='word_1_317' title='bbox 1019 3614 1141 3661; x_wconf 86' lang='lat' dir='ltr'>raticina-</span> 
     </span>
     <span class='ocr_line' id='line_1_38' title="bbox 50 3685 1140 3752; baseline 0.005 -20"><span class='ocrx_word' id='word_1_318' title='bbox 50 3686 125 3743; x_wconf 89' lang='lat' dir='ltr'>ritus,</span> <span class='ocrx_word' id='word_1_319' title='bbox 145 3691 171 3732; x_wconf 84' lang='lat' dir='ltr'>ct</span> <span class='ocrx_word' id='word_1_320' title='bbox 192 3693 263 3733; x_wconf 88' lang='lat' dir='ltr'>tanto</span> <span class='ocrx_word' id='word_1_321' title='bbox 276 3685 378 3748; x_wconf 71' lang='lat' dir='ltr'>dignam</span> <span class='ocrx_word' id='word_1_322' title='bbox 390 3691 510 3752; x_wconf 64' lang='lat' dir='ltr'>ingenio)</span> <span class='ocrx_word' id='word_1_323' title='bbox 542 3697 575 3743; x_wconf 90' lang='lat' dir='ltr'>Se</span> <span class='ocrx_word' id='word_1_324' title='bbox 615 3693 691 3741; x_wconf 83' lang='lat' dir='ltr'>batur</span> <span class='ocrx_word' id='word_1_325' title='bbox 709 3693 785 3741; x_wconf 86' lang='lat' dir='ltr'>ovid.</span> <span class='ocrx_word' id='word_1_326' title='bbox 803 3694 869 3740; x_wconf 86' lang='lat' dir='ltr'>Met.</span> <span class='ocrx_word' id='word_1_327' title='bbox 883 3693 994 3740; x_wconf 55' lang='grc' dir='ltr'>νήθη.</span> <span class='ocrx_word' id='word_1_328' title='bbox 1012 3689 1140 3751; x_wconf 87' lang='lat' dir='ltr'>‘Jamque</span> 
     </span>
     <span class='ocr_line' id='line_1_39' title="bbox 49 3764 1140 3830; baseline 0.005 -23"><span class='ocrx_word' id='word_1_329' title='bbox 49 3776 158 3826; x_wconf 76' lang='lat' dir='ltr'>riuosque</span> <span class='ocrx_word' id='word_1_330' title='bbox 181 3776 268 3809; x_wconf 75' lang='lat' dir='ltr'>versus</span> <span class='ocrx_word' id='word_1_331' title='bbox 291 3765 446 3815; x_wconf 83' lang='lat' dir='ltr'>immortales</span> <span class='ocrx_word' id='word_1_332' title='bbox 474 3767 575 3817; x_wconf 80' lang='lat' dir='ltr'>futuros</span> <span class='ocrx_word' id='word_1_333' title='bbox 614 3783 678 3830; x_wconf 76' lang='lat' dir='ltr'>optus</span> <span class='ocrx_word' id='word_1_334' title='bbox 690 3771 775 3829; x_wconf 81' lang='lat' dir='ltr'>exegi,</span> <span class='ocrx_word' id='word_1_335' title='bbox 795 3766 863 3830; x_wconf 85' lang='lat' dir='ltr'>qnod</span> <span class='ocrx_word' id='word_1_336' title='bbox 883 3779 930 3813; x_wconf 83' lang='lat' dir='ltr'>nco</span> <span class='ocrx_word' id='word_1_337' title='bbox 947 3764 1020 3813; x_wconf 85' lang='lat' dir='ltr'>Jovis</span> <span class='ocrx_word' id='word_1_338' title='bbox 1035 3766 1080 3824; x_wconf 88' lang='lat' dir='ltr'>ira,</span> <span class='ocrx_word' id='word_1_339' title='bbox 1092 3778 1140 3813; x_wconf 92' lang='lat' dir='ltr'>nec</span> 
     </span>
     <span class='ocr_line' id='line_1_40' title="bbox 50 3837 1140 3903; baseline 0.005 -22"><span class='ocrx_word' id='word_1_340' title='bbox 50 3838 173 3898; x_wconf 70' lang='lat' dir='ltr'>praesagit</span> <span class='ocrx_word' id='word_1_341' title='bbox 186 3837 318 3899; x_wconf 88' lang='lat' dir='ltr'>Horatius,</span> <span class='ocrx_word' id='word_1_342' title='bbox 328 3847 404 3902; x_wconf 89' lang='lat' dir='ltr'>atque</span> <span class='ocrx_word' id='word_1_343' title='bbox 417 3856 461 3889; x_wconf 83' lang='lat' dir='ltr'>suo</span> <span class='ocrx_word' id='word_1_344' title='bbox 474 3846 575 3893; x_wconf 82' lang='lat' dir='ltr'>nomine</span> <span class='ocrx_word' id='word_1_345' title='bbox 615 3845 689 3903; x_wconf 78' lang='lat' dir='ltr'>ignis,</span> <span class='ocrx_word' id='word_1_346' title='bbox 703 3846 759 3892; x_wconf 85' lang='lat' dir='ltr'>Nec</span> <span class='ocrx_word' id='word_1_347' title='bbox 777 3840 873 3903; x_wconf 84' lang='lat' dir='ltr'>poterit</span> <span class='ocrx_word' id='word_1_348' title='bbox 892 3838 999 3898; x_wconf 79' lang='lat' dir='ltr'>serrum,</span> <span class='ocrx_word' id='word_1_349' title='bbox 1013 3853 1061 3888; x_wconf 84' lang='lat' dir='ltr'>nec</span> <span class='ocrx_word' id='word_1_350' title='bbox 1073 3838 1140 3887; x_wconf 79' lang='lat' dir='ltr'>edna</span> 
     </span>
     <span class='ocr_line' id='line_1_41' title="bbox 49 3911 864 3981; baseline 0.007 -25"><span class='ocrx_word' id='word_1_351' title='bbox 49 3919 76 3957; x_wconf 85' lang='lat' dir='ltr'>et</span> <span class='ocrx_word' id='word_1_352' title='bbox 88 3911 156 3958; x_wconf 84' lang='lat' dir='ltr'>t&#39;nma</span> <span class='ocrx_word' id='word_1_353' title='bbox 167 3913 323 3974; x_wconf 86' lang='lat' dir='ltr'>implendum</span> <span class='ocrx_word' id='word_1_354' title='bbox 332 3917 418 3964; x_wconf 86' lang='lat' dir='ltr'>orbem</span> <span class='ocrx_word' id='word_1_355' title='bbox 429 3927 511 3967; x_wconf 87' lang='lat' dir='ltr'>totum</span> <span class='ocrx_word' id='word_1_356' title='bbox 521 3921 574 3981; x_wconf 82' lang='lat' dir='ltr'>glo·</span> <span class='ocrx_word' id='word_1_357' title='bbox 615 3919 719 3966; x_wconf 82' lang='lat' dir='ltr'>abolere</span> <span class='ocrx_word' id='word_1_358' title='bbox 732 3914 864 3966; x_wconf 72' lang='lat' dir='ltr'>vetustas!</span> 
     </span>
     <span class='ocr_line' id='line_1_42' title="bbox 48 3982 1139 4053; baseline 0.006 -27"><span class='ocrx_word' id='word_1_359' title='bbox 48 3982 138 4033; x_wconf 79' lang='lat' dir='ltr'>riatur.</span> <span class='ocrx_word' id='word_1_360' title='bbox 174 3990 230 4036; x_wconf 77' lang='lat' dir='ltr'>Quo</span> <span class='ocrx_word' id='word_1_361' title='bbox 243 3990 263 4035; x_wconf 86' lang='lat' dir='ltr'>si</span> <span class='ocrx_word' id='word_1_362' title='bbox 275 3992 330 4053; x_wconf 89' lang='lat' dir='ltr'>quis</span> <span class='ocrx_word' id='word_1_363' title='bbox 342 3991 494 4048; x_wconf 78' lang='lat' dir='ltr'>offendatur,</span> <span class='ocrx_word' id='word_1_364' title='bbox 506 4010 573 4041; x_wconf 78' lang='lat' dir='ltr'>arim·</span> <span class='ocrx_word' id='word_1_365' title='bbox 650 3995 699 4040; x_wconf 80' lang='lat' dir='ltr'>b&#39;cc</span> <span class='ocrx_word' id='word_1_366' title='bbox 716 3994 781 4042; x_wconf 79' lang='lat' dir='ltr'>tenui</span> <span class='ocrx_word' id='word_1_367' title='bbox 794 3991 863 4049; x_wconf 78' lang='lat' dir='ltr'>ferar</span> <span class='ocrx_word' id='word_1_368' title='bbox 882 3989 976 4050; x_wconf 83' lang='lat' dir='ltr'>Penus]</span> <span class='ocrx_word' id='word_1_369' title='bbox 996 3991 1054 4038; x_wconf 80' lang='lat' dir='ltr'>Non</span> <span class='ocrx_word' id='word_1_370' title='bbox 1068 3988 1139 4036; x_wconf 91' lang='lat' dir='ltr'>tenui</span> 
     </span>
     <span class='ocr_line' id='line_1_43' title="bbox 49 4055 1141 4132; baseline 0.008 -29"><span class='ocrx_word' id='word_1_371' title='bbox 49 4055 96 4103; x_wconf 85' lang='lat' dir='ltr'>mir</span> <span class='ocrx_word' id='word_1_372' title='bbox 115 4059 256 4122; x_wconf 82' lang='lat' dir='ltr'>quibusque</span> <span class='ocrx_word' id='word_1_373' title='bbox 277 4067 366 4116; x_wconf 70' lang='lat' dir='ltr'>l&#39;o&#39;utin</span> <span class='ocrx_word' id='word_1_374' title='bbox 386 4083 478 4132; x_wconf 80' lang='lat' dir='ltr'>magna</span> <span class='ocrx_word' id='word_1_375' title='bbox 494 4070 526 4118; x_wconf 87' lang='lat' dir='ltr'>dc</span> <span class='ocrx_word' id='word_1_376' title='bbox 538 4084 574 4125; x_wconf 84' lang='lat' dir='ltr'>sc,</span> <span class='ocrx_word' id='word_1_377' title='bbox 615 4076 658 4116; x_wconf 89' lang='lat' dir='ltr'>aut</span> <span class='ocrx_word' id='word_1_378' title='bbox 671 4069 756 4130; x_wconf 76' lang='lat' dir='ltr'>fragili</span> <span class='ocrx_word' id='word_1_379' title='bbox 768 4070 865 4128; x_wconf 86' lang='lat' dir='ltr'>volatu,</span> <span class='ocrx_word' id='word_1_380' title='bbox 884 4066 927 4130; x_wconf 91' lang='lat' dir='ltr'>qni</span> <span class='ocrx_word' id='word_1_381' title='bbox 940 4067 1141 4125; x_wconf 84' lang='lat' dir='ltr'>dissolvatur‚ct</span> 
     </span>
    </p>
   </div>
   <div class='ocr_carea' id='block_1_13' title="bbox 0 0 1208 4200">
    <p class='ocr_par' dir='ltr' id='par_1_14' title="bbox 0 0 1208 4200">
     <span class='ocr_line' id='line_1_44' title="bbox 0 0 1208 4200; baseline 0 3"><span class='ocrx_word' id='word_1_382' title='bbox 0 0 1208 4200; x_wconf 95' lang='lat' dir='ltr'> </span> 
     </span>
    </p>
   </div>
  </div>
 </body>
</html>
