2408 4200
372 273 576 322 eannrnnrr
603 272 673 319 nin.
696 272 750 318 ιιι.
772 259 805 320 7.

224 420 322 482 AEtas
338 426 522 499 parentum,
538 417 632 498 pejor
647 416 732 490 avis,
753 414 828 495 tulit

268 520 343 582 Nos
358 519 543 600 nequiores,
558 536 636 581 mox
652 516 788 579 daturos

310 619 504 700 Progeniem
520 617 734 681 vitiosiorem.

52 794 164 856 deterior,
173 796 285 858 produxit
293 810 335 843 nos
344 794 443 857 pejores,
457 793 511 842 dein
520 795 609 854 prolem
619 793 723 841 edituros
732 794 802 842 etiem
815 793 984 855 improbiorem.

512 919 686 937 nonnemo

54 1007 79 1047 et
92 1000 133 1048 ed.
145 1002 254 1063 Cuning.
269 1001 412 1062 ingeniose!
432 1010 458 1048 nt
474 1000 543 1048 nullu
555 1001 719 1049 necessitate.
737 1000 855 1048 imminuis
867 999 910 1049 lib.
923 1007 974 1048 vet.
987 1005 1142 1047 memoratus

54 1065 166 1128 Klotzio,
178 1066 250 1115 beer.
261 1066 358 1112 Venus.
372 1062 451 1113 Penei.
463 1079 488 1126 p.
501 1069 539 1112 tn.
557 1065 681 1127 blojorem
694 1066 806 1126 vigerem
819 1078 866 1127 ego
879 1078 928 1113 non
941 1063 1032 1113 video!
1047 1063 1113 1111 Jun'e

548 1191 572 1240 N
577 1193 654 1241 OTAE

53 1289 126 1337 nibus
145 1288 228 1338 terens
246 1288 367 1337 damnum
379 1288 578 1352 interitumque?
618 1290 695 1336 etiam
717 1289 858 1336 vitiosiores
879 1293 994 1348 posteros
1015 1284 1142 1347 relinque-

56 1365 108 1413 Cic.
121 1379 168 1426 pro
187 1365 253 1412 Μαι.
269 1363 360 1411 ‘Nihil
379 1371 419 1411 est
435 1377 513 1425 opere
534 1370 579 1412 sut
618 1377 687 1409 mus:
707 1361 811 1409 Homer.
831 1361 923 1423 (ldyss.
940 1365 966 1406 Β.
995 1359 1079 1418 Ποῦροι
1095 1357 1142 1418 γάρ

55 1453 130 1486 menn
153 1437 259 1494 factum,
279 1438 347 1501 qnod
371 1452 419 1486 uon
443 1437 577 1501 aliquunde
617 1455 652 1485 ror
673 1439 753 1487 παῖδες
774 1439 847 1498 ὁμοῖοι
868 1435 938 1497 srnrpi
963 1435 1082 1483 πέλονται·
1111 1435 1142 1482 Oi

55 1513 212 1561 conticiscet
224 1519 355 1560 consumet
369 1512 499 1564 vetustas!
618 1511 716 1562 πλέονες
736 1513 838 1573 κακίους,
860 1509 986 1576 reciperit
1006 1530 1034 1558 re
1055 1508 1143 1571 serpis

88 1591 120 1634 to
137 1589 207 1635 AEtcs
223 1594 355 1650 porculum,
372 1589 437 1650 pejor
455 1590 515 1650 oris,
526 1589 577 1650 ipo]
618 1589 714 1652 ἀρείους.
747 1590 824 1638 Peuci
835 1589 895 1638 enim
902 1587 953 1650 filii
964 1586 1051 1633 similer
1062 1584 1144 1645 putri:

56 1662 119 1710 Avis
132 1664 232 1725 pejores
244 1662 315 1711 luere
328 1672 415 1726 putres
427 1665 520 1712 nostri:
534 1679 578 1712 nos
620 1666 730 1728 Plerique
746 1665 844 1727 peiores,
861 1663 929 1726 ponci
947 1675 999 1708 cero
1015 1665 1083 1722 putre
1097 1673 1143 1706 ne-

56 1737 172 1799 petribus
199 1738 340 1788 deteriores
369 1755 474 1789 snmus:
506 1741 579 1788 nobis
618 1742 760 1789 liorersunt.

497 1937 594 1998 ODE
624 1937 708 1999 Vll.

462 2101 512 2144 An
537 2099 738 2146 ASTERlEN.

57 2226 172 2290 Oblique
192 2228 305 2278 ostendit
325 2230 392 2279 viros
411 2229 501 2279 lortius
521 2230 631 2279 srenrinis
651 2231 735 2281 illiciti
758 2233 849 2282 amoris
866 2232 992 2281 illecebris
1008 2234 1145 2295 resistere;

89 2314 167 2368 stqrre
188 2309 318 2372 zelotypus
339 2311 436 2373 puellus
460 2312 609 2373 plerumque
629 2325 662 2358 ex
682 2326 727 2359 suo
747 2313 858 2374 ipserum
878 2312 981 2374 ingenio
997 2314 1144 2360 moritorum

88 2384 157 2436 t'urtn
169 2387 293 2437 divinare.

228 2484 331 2562 Quin
346 2488 416 2564 lies,
434 2488 578 2566 Asterie,
593 2508 692 2571 quem
708 2489 767 2553 tibi
784 2489 917 2552 condidi

228 2586 341 2649 Primo
356 2591 525 2654 restituent
540 2610 614 2653 vere
632 2591 786 2667 Favonii,

93 2733 115 2776 ⁰
132 2731 233 2786 tillem»
248 2747 317 2793 luite
332 2736 409 2796 pleros
426 2737 520 2801 Gygen,
535 2740 614 2789 stabili
626 2741 747 2804 fidelitate
763 2743 938 2800 adolescentes,
955 2753 1021 2801 quem
1036 2737 1091 2785 beni
1109 2752 1145 2785 ze-

90 2937 197 2984 Deeimn
208 2944 281 2985 sexte
294 2937 362 2986 Libri
375 2941 481 2988 serrrndi
494 2943 518 2989 ln
531 2944 579 2990 Ed.
590 2943 684 2991 Ssnnd.
698 2944 843 3004 Epigreplre
853 2944 877 2990 in
891 2941 950 2989 edd.
963 2947 1025 2988 vett.
1037 2941 1147 2988 Asterien

58 3001 166 3049 bortatur
175 3003 206 3048 ml
216 3016 279 3063 spem
290 3009 312 3051 el
324 3002 484 3060 honestatem:
496 3006 634 3055 Lambinus
648 3008 672 3054 in
684 3005 759 3054 codd.
773 3007 868 3067 reperit
879 3022 885 3050 :
903 3004 943 3051 Ac
953 3004 1065 3051 Asterien
1075 3017 1147 3051 mere·

548 3133 654 3183 NOTAE

91 3225 204 3272 llletrum
218 3226 283 3273 idem
296 3226 363 3290 qired
376 3242 453 3291 supra
465 3242 484 3278 ι.
494 3229 545 3279 ΟιΙ.
556 3237 581 3279 5.
623 3229 715 3278 frueris
728 3237 771 3277 tuo
783 3228 876 3290 Gyge3
894 3241 952 3274 cum
970 3224 1078 3287 primum
1090 3226 1149 3275 liee-

91 3304 102 3346 l
118 3300 181 3354 Quiri
184 3298 241 3359 fles,
251 3301 356 3362 Asterie,
365 3302 418 3364 ipe]
431 3303 582 3351 Aceommo-
624 3305 661 3354 lrit
674 3306 806 3366 risvigare,
822 3302 853 3349 ml
866 3310 891 3350 te
903 3300 1032 3349 advolabit
1043 3302 1148 3364 cupien-

59 3374 119 3422 datn
137 3374 211 3421 valde
231 3378 385 3438 apostrophe
401 3378 451 3426 ista
463 3395 520 3427 eum
532 3380 582 3428 leni
623 3390 674 3430 teru
687 3384 781 3443 etipse
794 3380 908 3442 cupiens.

58 3451 244 3511 increpatione,
272 3452 396 3514 principie
418 3455 582 3503 consolatorii
654 3462 668 3504 2
682 3457 764 3504 Primo
774 3455 839 3518 cere]
851 3453 913 3501 Cum
926 3450 988 3500 liare
1001 3450 1033 3500 ab
1047 3452 1147 3501 Occasu

58 3526 190 3583 sermonis,
202 3534 228 3573 et
241 3525 273 3573 ad
286 3525 481 3576 dernulcendum
494 3531 582 3577 mulie-
623 3531 749 3593 incipiunt
760 3529 875 3593 zephyri,
892 3542 936 3576 sen
952 3528 1075 3576 Favonii:
1093 3543 1149 3577 eon·

59 3600 129 3648 brem
150 3601 261 3649 animum
280 3601 382 3650 idonea.
416 3604 536 3667 Propert.
552 3619 582 3654 ιι.
623 3606 681 3664 didi,
693 3608 786 3666 sereni,
799 3606 883 3664 mites,
897 3603 1149 3667 propitii,isrentes.

59 3682 98 3726 2⁰.
115 3678 199 3728 ‘Quiri
218 3676 264 3725 fles
285 3677 395 3726 obductu
413 3681 516 3740 gravius
527 3680 583 3727 Bri·
624 3682 692 3730 Plin.
704 3687 784 3731 inli-
795 3681 864 3728 ‘Ver
875 3680 1148 3742 speritnsvigantibns

60 3752 149 3798 seide?
167 3753 234 3802 Quid
252 3751 298 3801 fles
316 3753 401 3802 Anxie
413 3755 515 3817 captiva
528 3757 583 3803 tris·
625 3757 714 3811 maria,
723 3757 794 3819 cujus
808 3756 832 3803 in
846 3755 971 3817 principio
980 3755 1084 3801 Favonii
1095 3753 1150 3813 Hy·

62 3828 111 3875 tius
121 3825 298 3888 Andromache
307 3827 322 3875 ,θ’
334 3834 384 3877 tire.
625 3832 728 3880 bennum
741 3833 858 3880 molliunt
866 3830 976 3879 eoelum!
993 3828 1058 3874 Vide
1067 3842 1085 3874 ι.
1098 3827 1150 3877 od.

92 3901 198 3961 Asterie]
224 3902 321 3957 Amica,
342 3906 383 3952 vel
403 3921 465 3954 rrxor
485 3908 582 3970 Gygis:
623 3913 647 3957 l.
660 3909 741 3957 initio.

60 3977 91 4025 ab
103 3976 186 4036 ἀστὴρ,
196 3977 271 4035 stella,
286 3976 382 4026 fectum
395 3995 494 4029 nomen.
655 3989 670 4031 2
688 3981 801 4042 Fauonii]
829 3982 915 4027 Plaut.
938 3977 963 4022 in
984 3975 1146 4026 Mercatore:

94 4057 168 4111 Quem
179 4053 223 4102 tibi
241 4055 344 4115 condidi,
355 4056 407 4116 ipe]
431 4059 514 4106 Paulo
527 4067 584 4122 post
624 4059 691 4107 ‘Hic
704 4056 830 4105 Favonius
842 4064 947 4100 serenus
960 4056 1008 4110 est,
1017 4048 1149 4100 isticAus·
