2408 4200
390 240 597 303 oanurnuu
624 255 696 302 nra.
721 256 743 303 ι.
765 240 819 304 19.

189 396 259 460 Hic
273 397 387 460 vivum
403 396 483 459 mihi
499 397 669 479 cespitem,
681 399 735 462 hie

227 497 412 573 Verbenas,
428 497 531 578 pueri,
545 498 672 579 ponite,
688 498 852 583 thuraque

57 687 89 734 od
99 685 175 750 ipsam
184 688 244 737 nihil
253 693 368 752 molunt.
403 687 528 750 osmerii,
539 688 594 738 irtio
604 690 716 752 cespitem
727 691 849 752 virentem,
861 691 916 739 iilic
925 690 1034 740 verbnm
1044 695 1068 740 et
1084 691 1154 740 thuro

547 819 656 869 NOTAE

58 915 217 965 currentibus
237 909 321 980 equia',
342 924 387 965 aut
407 921 482 979 terga
499 914 581 963 danti·
623 915 682 976 tina,
690 929 764 963 racra
777 921 860 977 parat,
868 915 959 977 quibua
967 915 1022 977 ejus
1031 914 1152 976 animum,

56 989 112 1039 bna.
135 989 211 1055 Saepe
223 991 301 1041 etiam
313 991 582 1055 ingeminadarum
622 990 727 1052 placata
739 990 851 1051 Venere,
863 989 1037 1039 demereatur.
1053 991 1099 1039 Sni
1110 1005 1153 1040 ve-

56 1065 213 1115 incautiora
234 1067 368 1117 aduerannr
391 1069 498 1117 vulnera
516 1067 583 1116 inre·
624 1079 653 1114 ro
670 1063 788 1113 ardorem
805 1067 898 1114 amoris
916 1075 944 1114 et
964 1066 1153 1128 impatientiam

56 1150 165 1204 quentea
191 1142 302 1192 babeant
305 1175 407 1192 ......
425 1142 585 1191 Intolerandi
625 1141 733 1191 denotat
749 1143 791 1189 vel
808 1157 840 1191 ex
860 1156 892 1191 eo
909 1142 977 1206 quod
991 1157 1060 1192 aram
1073 1157 1087 1190 e
1099 1157 1153 1191 cea·

56 1215 152 1271 forent,
161 1216 191 1277 ai,
200 1217 356 1281 quantumin
370 1217 482 1280 impetur
491 1217 586 1277 esurio
627 1218 680 1279 pita
696 1224 823 1282 exaniat,
834 1220 906 1269 brevi
919 1219 1023 1283 qnideru
1035 1227 1062 1270 et
1075 1233 1155 1282 expe·

56 1294 450 1354 tantaetperaeveraatiaerset.
468 1293 586 1343 Plerum·
627 1292 682 1341 dita
698 1295 814 1354 ratione;
832 1295 900 1358 quod
913 1294 968 1343 lieri
978 1293 1079 1343 solitura
1091 1294 1154 1343 dun·

55 1381 103 1431 que
116 1368 141 1416 in
154 1369 211 1429 ipro
223 1368 314 1417 ardore
333 1368 481 1418 certaminis
496 1369 586 1431 praelia
626 1374 698 1417 taxat
710 1369 735 1416 in
749 1369 840 1419 subitio
849 1369 936 1431 rehua,
945 1377 973 1419 et
982 1384 1078 1419 moratu
1087 1369 1154 1418 haurd

56 1442 190 1502 deterunt,
208 1459 238 1492 ao
256 1445 408 1507 pardopoat
425 1459 584 1508 pugnanter
626 1441 777 1493 serentibus.

56 1516 118 1581 luga
130 1527 266 1582 repetunt;
279 1527 316 1577 nt,
328 1535 387 1568 curn
399 1520 509 1569 maxime
522 1520 584 1568 ritis
658 1522 688 1566 ld
711 1519 838 1583 Verbenm]
858 1518 961 1567 Herbaa
974 1519 998 1567 in
1018 1520 1098 1568 sarrin
1116 1535 1156 1569 aa·

56 1608 84 1642 re
95 1601 120 1642 te
132 1604 219 1657 putes,
230 1604 290 1644 tnnc
303 1596 348 1644 tibi
361 1595 498 1645 discrimen
508 1596 583 1645 aube·
623 1601 710 1644 auetaa
728 1604 828 1656 parate.
857 1594 967 1658 Proprie
988 1595 1099 1644 verbena
1114 1603 1155 1644 eat

56 1668 151 1717 undum
161 1670 211 1719 su:
227 1672 297 1733 Ergo
307 1685 357 1721 non
366 1671 410 1720 aba
420 1685 448 1718 re
460 1671 583 1720 Horatius
624 1669 704 1718 herba
721 1670 850 1734 quadam,
867 1670 937 1721 Gall.
957 1672 987 1718 de
1006 1672 1030 1719 ln
1047 1685 1153 1721 urucae.

56 1744 173 1793 Parthum
184 1745 248 1794 dicit
259 1747 406 1795 animorum:
422 1745 488 1795 adeo
502 1747 583 1796 virtut
623 1746 666 1794 De
677 1746 725 1795 bac
739 1745 806 1795 Plin.
828 1758 897 1794 xxv.
917 1750 941 1794 a.
958 1744 1068 1794 ‘Herba
1084 1747 1154 1795 nulia

55 1821 132 1869 etiam
150 1824 174 1869 in
192 1823 265 1871 horte
286 1822 416 1872 laudatur.
443 1823 511 1871 Nam
530 1823 582 1872 Ro·
623 1821 744 1869 Rornanae
755 1821 898 1870 nobilitatis
911 1821 969 1884 plus
979 1821 1067 1883 babet,
1077 1837 1153 1885 qrrarn

56 1896 137 1942 maula
159 1897 251 1945 Parthi
277 1896 455 1946 formidabiler
481 1912 583 1959 temper
623 1896 805 1945 hierabotane:
823 1897 904 1944 nostri
925 1899 1093 1948 verbenacam
1110 1914 1154 1946 vo·

55 1969 139 2029 inere,
150 1971 197 2018 rab
212 1972 363 2020 Mithridate
373 1972 517 2034 prasertim
529 1973 582 2028 illo,
624 1980 693 2022 cant.
720 1973 786 2022 Here
807 1981 856 2035 ert,
874 1987 949 2037 qnam
966 1975 1066 2037 legatos
1085 1973 1154 2024 ferre

54 2046 263 2109 ‘eniteageetae
280 2049 371 2111 Magni
386 2063 527 2110 cognomen
539 2049 583 2098 de·
624 2049 656 2097 ad
682 2049 768 2097 hortea
788 2048 966 2097 indicavimus.
1003 2049 1062 2098 Hae
1080 2048 1154 2098 Jovis

57 2122 137 2181 dere,’
151 2130 178 2171 ut
191 2123 226 2171 ait
238 2122 334 2173 Jnrtiu.
353 2122 398 2172 lib.
420 2136 488 2171 xnrr.
507 2123 583 2173 immo
624 2138 713 2173 menna
743 2124 872 2183 verritnr3
899 2122 988 2171 domna
1012 2131 1155 2186 purgantur

57 2214 128 2263 rape
139 2200 238 2248 illorum
255 2199 378 2249 fuderunt
389 2200 518 2250 exercitur
531 2202 583 2250 Dn-
625 2197 837 2261 lustramurque!
859 2197 965 2246 Servius
982 2198 1019 2245 ait
1037 2211 1093 2246 aare
1106 2198 1155 2244 vir·

57 2290 160 2339 eoaque.
176 2276 272 2327 Jurtin.
282 2277 327 2325 lib.
337 2290 396 2326 ιιι.
407 2277 463 2326 init.
481 2284 488 2304 ⁴
500 2277 583 2326 Allo·
625 2275 698 2338 gulta
708 2289 765 2337 qua
779 2288 881 2337 semper
893 2273 987 2322 virent.
1015 2275 1054 2322 Ex
1066 2273 1156 2322 Dona·

54 2351 134 2400 mania
147 2367 246 2416 quoqne
260 2352 334 2401 trinis
351 2353 425 2400 bellio
442 2367 489 2416 per
503 2354 584 2402 rnaxi·
625 2357 653 2398 to
666 2350 856 2413 verbenaqnnai
869 2348 981 2398 berbena
991 2349 1096 2409 dicitur,
1105 2357 1156 2399 eat·

55 2439 109 2474 rnoa
121 2428 207 2477 Dircen
217 2426 404 2478 florentiaalmio
424 2429 583 2493 temporibur
625 2442 675 2491 qne
686 2426 792 2475 herbae
811 2441 875 2490 puro
888 2428 944 2475 loco
956 2426 1081 2488 decerpta
1097 2439 1154 2473 rum

56 2501 179 2564 iaceant,
201 2506 248 2552 aon
268 2519 300 2552 err
322 2505 440 2554 omnibna
463 2506 583 2566 gentibus
625 2510 695 2551 terra
706 2502 865 2553 adherente.
891 2503 1016 2552 Similiter
1028 2502 1095 2551 Plin.
1106 2515 1154 2550 xx.

56 2591 106 2624 non
125 2591 199 2639 parea
217 2579 307 2635 aolunr,
325 2594 412 2627 rernm
432 2579 511 2627 etiam
532 2579 584 2626 rie·
624 2582 649 2626 2.
688 2580 840 2629 ‘Verhenre
870 2580 972 2630 nomine
994 2577 1154 2641 significatur

57 2659 128 2700 tores
140 2650 230 2702 fnere'
255 2655 369 2702 Tandem
387 2654 423 2701 illi
436 2663 521 2702 tamen
531 2653 584 2701 An·
624 2668 730 2716 granren
750 2671 781 2703 ex
801 2671 862 2705 arce
882 2657 928 2719 (al.
949 2656 1018 2720 oreo)
1034 2670 1154 2704 cumana

57 2727 127 2788 gusti
139 2725 205 2774 saura
217 2728 339 2791 perculsi,
351 2729 407 2791 ejna
422 2741 492 2776 arura
504 2729 584 2790 perti·
625 2738 694 2778 terra
709 2732 843 2792 enulaunr‚’
854 2736 904 2783 &o
937 2733 1045 2785 Constat
1065 2745 1097 2779 eo
1111 2744 1154 2778 uo·

56 2815 210 2865 inerrentes,
225 2808 341 2869 eaptiroa
361 2820 376 2854 e
393 2806 528 2855 Crassiano
545 2814 583 2856 at·
624 2806 691 2854 mine
704 2809 803 2855 censeri
823 2823 866 2855 eas
882 2821 970 2855 ornnes
981 2805 1084 2858 herbas,
1096 2818 1152 2866 que

55 2895 105 2945 qne
116 2881 266 2931 Antoniano
282 2883 398 2931 exercitu
412 2888 464 2931 tota
476 2883 584 2933 Parthia
623 2882 649 2931 in
667 2884 746 2932 raonis
764 2885 926 2933 adhibentur.
951 2881 1043 2946 Virgil.
1061 2881 1153 2944 Eclog.

55 2960 215 3022 recollectos,
227 2962 353 3025 signaque
371 2975 428 3010 eum
440 2962 478 3011 hia
490 2963 582 3011 rnilita·
624 2972 687 3007 vrrr.
708 2963 749 3004 65.
774 2958 976 3023 ‘verbenasque
1000 2957 1075 3005 adole
1097 2957 1153 3018 pin·

55 3036 263 3087 riaremiaerunt.
290 3038 367 3086 Unde
380 3044 406 3085 et
421 3039 476 3086 cuai
488 3037 584 3085 nummi
625 3032 950 3096 guesetmarcnlathura)
976 3033 1027 3078 Ubi
1040 3045 1087 3090 per
1099 3031 1153 3089 epi·

55 3110 174 3158 crrmbae
191 3113 349 3172 epigraphe:
372 3123 460 3157 areuna
483 3124 585 3159 nncnp-
626 3108 737 3160 ebatum,
761 3102 905 3161 ‘pingues,'
929 3103 1019 3147 volunt
1046 3101 1153 3148 indicari

56 3194 107 3230 τις.
140 3184 276 3244 ‘Plusque
297 3186 385 3230 Cenat
408 3181 586 3241 magnitudine
627 3177 729 3224 olivam.
752 3175 860 3221 Terent.
882 3186 920 3218 ιν.
940 3175 964 3218 4.
981 3177 1004 3218 5.
1031 3173 1091 3219 ‘Ex
1110 3189 1154 3222 ara

59 3256 170 3304 nominis
187 3255 226 3303 ani
246 3254 320 3314 lecit,
339 3267 414 3316 quum
427 3254 503 3299 armis
524 3253 588 3299 alins
627 3249 687 3294 binc
700 3243 975 3294 aurneverbenaatihi!
997 3244 1076 3308 Atqui
1085 3249 1151 3309 apud

56 3333 203 3393 Imperator
228 3328 317 3378 faeere
344 3325 487 3391 potnisnet.¹
520 3326 588 3375 Haee
628 3321 809 3378 Menandrum,
836 3319 903 3369 unde
932 3321 1083 3369 sententiam
1110 3323 1153 3370 ille

58 3408 154 3457 justin.
167 3407 209 3455 cit.
221 3406 265 3455 nb,
278 3419 344 3454 xm,
357 3405 382 3453 in
395 3402 455 3451 fine.
480 3402 586 3451 videet
627 3396 758 3443 transtulit
782 3403 808 3444 et
835 3395 923 3457 verba,
950 3395 1069 3445 verbenae
1095 3404 1153 3446 snut

59 3485 127 3532 Flor.
141 3496 184 3531 ιιι.
197 3487 235 3530 ll.
248 3489 275 3529 et
287 3496 324 3530 ιν.
339 3486 363 3531 9.
381 3481 525 3544 presertim
540 3495 585 3528 an·
625 3473 711 3535 myrti.
745 3472 844 3521 Plinius
865 3486 965 3536 quoqne
980 3471 1048 3521 dixit
1067 3473 1153 3534 ‘myr-

59 3569 111 3608 tenr
124 3573 182 3620 cap.
198 3561 236 3606 10.
249 3557 290 3604 nbi
303 3559 382 3605 uirtus
394 3558 508 3605 Romana
519 3556 585 3604 hano
625 3555 694 3598 leam
708 3547 863 3599 verbenam!
889 3551 1011 3610 Ergoper
1020 3549 1153 3597 catachre-

57 3635 187 3698 expreaait
205 3632 304 3679 laudem
327 3647 342 3679 e
361 3632 497 3678 Barbaria:
514 3633 521 3660 ‘
533 3633 586 3693 Ite,
625 3627 664 3675 nin
675 3628 793 3675 verbenae
804 3625 969 3688 appellantur
979 3624 1052 3683 rami,
1064 3625 1153 3685 uirgae,

58 3720 84 3762 et
97 3713 163 3760 bene
183 3710 277 3762 valete,
297 3708 402 3755 Romani
412 3726 419 3768 ς
436 3708 527 3754 merito
541 3722 584 3754 voa
624 3704 738 3763 frondes,
756 3719 771 3750 e
788 3704 868 3760 lauro,
888 3707 982 3760 myrto,
1000 3699 1076 3755 oliva,
1094 3713 1151 3749 rore

59 3790 169 3840 victores
186 3785 255 3834 fama
275 3785 386 3847 gentium
407 3782 529 3846 loquitur,
540 3781 584 3846 qui
625 3779 731 3833 marino,
750 3779 858 3840 aliaeque
877 3776 966 3823 felices
984 3775 1070 3824 herbar
1096 3778 1154 3826 rell·

58 3865 210 3913 Parthorum
221 3862 273 3909 tela
283 3859 371 3907 sertia!
389 3858 457 3906 Vide
469 3866 496 3907 et
507 3871 583 3920 snpra
624 3856 693 3918 gioni
704 3864 730 3901 et
742 3854 821 3901 sacris
834 3852 992 3899 servientes:
1010 3851 1047 3899 his
1059 3866 1151 3916 nempe

62 3937 113 3986 Od.
126 3953 174 3988 ιιι.
186 3938 249 3988 Nor.
261 3937 292 3983 ad
307 3949 329 3981 v.
340 3939 380 3983 5³.
624 3947 681 3979 aras
702 3929 875 3985 coronabaut;
902 3923 994 3973 deinde
1016 3926 1072 3976 thna
1091 3931 1150 3978 ado·

70 4063 71 4066 ,
94 4014 141 4061 ilic
152 4015 230 4064 ninum
247 4013 305 4061 mihi
323 4011 443 4075 cespitem,
455 4009 507 4070 bn]
525 4007 584 4055 Vic·
625 4007 729 4066 lebant3
747 4012 838 4068 postea
857 4004 942 4050 vinuur
955 4016 969 4049 e
981 4012 1069 4064 patera
1088 4007 1151 4055 liba·

63 4095 103 4137 tna
125 4089 233 4153 denique
253 4104 338 4139 amora
359 4089 479 4152 Glycera
502 4084 584 4134 Hora·
626 4083 696 4132 bant.
