2408 4200
49 292 73 358 6
466 306 499 357 r.
519 302 560 355 rr.
581 304 745 358 oronam

49 451 135 519 rom
153 447 357 515 momentu
377 430 789 525 miscentium
808 442 1139 533 nur-dumnul-

40 550 125 617 ·dsm
138 548 231 637 typis
244 548 367 628 omnis,
380 566 458 635 qum
469 548 618 615 illuserat
630 546 836 631 marginibus
848 546 926 613 libri
939 546 1004 613 sui.

70 644 182 731 'Qus
199 669 279 717 eum
292 650 344 717 its
356 650 432 727 sint,
444 649 652 715 Buteriona
670 646 879 733 exemplaris
898 646 1032 713 Horatii
1049 664 1140 715 eenr-

49 750 206 817 mendsre
219 749 370 817 solebam
387 748 582 835 junioribus
601 748 737 830 amieis3
758 752 793 813 et
811 764 983 830 nunquam
996 746 1084 815 ioris
1097 748 1141 815 de

50 850 181 919 edendo
203 847 348 916 Horatio
370 848 571 933 cogitaturus
594 848 828 933 ipselneram,
841 846 974 913 illorum
992 848 1024 913 sl
1039 848 1141 935 copis

51 950 121 1017 fieri
135 948 298 1015 studiosis
312 951 349 1014 in
362 949 547 1016 Germania
559 948 739 1035 potuisset.
760 947 829 1015 Sed
839 966 917 1015 eum
931 948 1041 1015 risum
1051 954 1141 1017 earn

49 1052 171 1119 librum
193 1050 244 1118 itu
263 1042 390 1128 utilem,
410 1051 461 1116 itu
480 1050 700 1129 commodum,
714 1050 900 1135 parabilem
914 1050 1018 1115 etiam
1030 1048 1141 1117 msere

43 1153 189 1230 nostris,
203 1149 359 1217 nolebam
373 1150 468 1215 illum
483 1149 556 1216 sine
569 1151 648 1217 dote
661 1150 776 1235 eliqua
792 1168 815 1217 u
831 1169 887 1215 me
901 1149 1075 1229 dimittere,
1087 1150 1141 1215 id·

52 1272 118 1336 que
143 1272 186 1318 eo
210 1253 319 1317 minus
343 1270 421 1317 cum
442 1258 565 1335 preater
588 1270 641 1329 ea,
655 1270 732 1337 quse
750 1250 971 1335 qnadraginta
994 1248 1141 1333 emplius

52 1370 213 1418 annorum
235 1372 314 1419 cum
338 1354 463 1419 Flacco
483 1354 698 1439 familiaritas,
719 1357 754 1419 et
774 1371 858 1419 usus
884 1351 1006 1434 uliquis
1025 1370 1141 1417 earnm

51 1470 170 1532 rernm,
194 1454 318 1538 quibus
338 1454 393 1519 bic
415 1471 503 1538 opus
526 1460 592 1533 est,
614 1452 783 1539 subjicere
807 1455 970 1537 poterant,
991 1450 1094 1515 etiarn
1119 1468 1142 1517 u

51 1549 183 1618 fortuna
206 1552 396 1619 offerrentur
417 1553 573 1637 quasdam
592 1552 749 1619 emunder
777 1550 946 1618 lididonis
972 1548 1141 1633 presidis.

53 1650 167 1728 Quare
188 1656 289 1720 statui
313 1656 419 1720 tribus
443 1654 512 1721 illis
532 1655 719 1738 generibus,
736 1672 814 1739 quoe
835 1652 968 1736 inipso
990 1650 1141 1732 ingressu

54 1756 320 1834 commemoravi,
345 1774 476 1839 ungere,
504 1775 565 1842 pro
590 1757 747 1841 presenti
774 1755 877 1838 copia
904 1758 940 1819 et
960 1751 1142 1830 uoluntate,

54 1848 193 1916 Baxleri
208 1850 408 1919 Editionem.

96 1948 150 2016 Ac
162 1953 271 2034 primo
286 1955 422 2036 quidem
435 1974 502 2020 non
524 1960 594 2023 tarn
613 1956 678 2020 hoc
699 1956 765 2041 egi,
782 1960 820 2021 ut
843 1954 1052 2020 emendarem
1068 1952 1141 2019 llo·

49 2051 183 2131 ratium,
196 2053 285 2136 qnod
309 2075 429 2120 munus
451 2055 628 2136 cumulate,
653 2063 689 2121 et
708 2057 796 2122 lorte
821 2057 1032 2140 plusquam
1054 2072 1141 2137 opus

52 2155 135 2227 erut,
163 2152 214 2217 illi
238 2156 424 2238 prestitum
450 2158 611 2237 arbitron
644 2176 748 2240 quam
769 2162 807 2220 ut
833 2157 876 2220 ab
901 2155 1142 2238 intempestivis

52 2251 348 2335 emendationibus,
370 2256 405 2321 b.
429 2276 461 2321 e.
485 2257 758 2340 corruptionibus
783 2254 878 2319 illum
902 2260 1020 2331 tuerer,
1045 2262 1081 2317 et
1106 2254 1142 2319 in

53 2354 175 2417 statum
188 2355 280 2418 velut
292 2374 390 2419 suum
405 2374 595 2419 assererem.

95 2447 173 2526 Quo
199 2438 309 2533 piures
332 2454 476 2518 lectores
503 2458 540 2516 et
560 2451 729 2516 studiosos
752 2450 873 2515 babuit
896 2449 1075 2528 Horatius,
1099 2469 1141 2515 eo

53 2552 162 2634 plures
176 2551 226 2614 illi
240 2553 341 2615 etiam
362 2569 479 2615 manus
500 2551 675 2615 admovere
694 2550 891 2615 emendandi
906 2569 1011 2614 cause
1032 2552 1143 2617 conati

54 2656 142 2727 sunt,
162 2669 226 2713 non
248 2671 349 2733 aequo
373 2670 544 2731 successu,
566 2652 722 2718 dissimili
742 2651 894 2716 nimirum
921 2653 987 2735 ipsi
1010 2653 1141 2735 ingenio

53 2749 281 2834 doctrinaque.
324 2750 496 2833 ingeniosi
517 2761 553 2818 et
574 2754 694 2819 eruditi
716 2755 779 2818 viri
805 2753 870 2817 sibi
891 2754 1098 2837 placuerunt,
1113 2756 1142 2819 si

53 2849 133 2932 quid
148 2852 346 2935 exsculpere
368 2861 508 2935 possent
528 2855 692 2937 elegantia
708 2854 856 2932 Horatii,
871 2862 908 2918 ut
923 2856 988 2937 ipsi
1004 2856 1142 2920 arbitra·

54 2952 179 3029 bantur,
193 2953 343 3035 dignius:
371 2953 430 3018 sed
456 2956 597 3038 primum
618 2956 701 3020 illud
725 2959 836 3038 ipsum
855 2955 1029 3038 judicium,
1047 2956 1142 3035 Quid

52 3051 96 3115 sit
109 3053 146 3115 in
159 3053 319 3137 scriptore
338 3075 443 3139 prope
457 3057 510 3120 bis
530 3057 623 3122 mille
645 3075 804 3121 annorum
827 3057 1030 3138 elegantins3
1058 3056 1141 3121 diffi-

55 3152 118 3216 cile
132 3161 186 3216 est
198 3162 231 3218 et
243 3155 293 3219 ita
307 3155 420 3219 multis
434 3174 526 3240 saepe
546 3158 733 3221 rationibus
756 3158 954 3233 involutum,
968 3164 1006 3221 ut
1022 3159 1142 3223 merito

53 3253 117 3317 hoc
133 3254 275 3318 maxime
297 3255 332 3318 in
353 3275 470 3337 genere
484 3276 552 3340 quo
566 3259 642 3342 quis
663 3264 715 3322 est
736 3258 876 3336 doctior,
890 3262 981 3322 tanto
1004 3259 1141 3342 maj0ris

53 3352 225 3419 modestiae
241 3374 362 3420 census
376 3356 506 3420 babent.

97 3452 140 3518 Et
167 3454 196 3516 si
222 3453 338 3518 demus
359 3455 441 3518 viris
463 3456 586 3534 doctiS,
600 3455 708 3542 (quod
730 3478 806 3522 cnm
827 3458 1009 3522 universim
1029 3463 1141 3542 negari

54 3561 187 3635 propter
200 3554 351 3620 bumanae
373 3561 498 3620 naturae
512 3565 547 3620 et
558 3559 605 3621 rei
619 3559 727 3640 ipsius
743 3558 964 3623 conditionem
980 3579 1045 3622 non
1062 3580 1141 3642 pos·

54 3654 107 3728 sit,
123 3657 276 3718 tamenin
290 3656 353 3719 hoc
369 3658 422 3719 vel
437 3657 494 3722 illo
513 3658 590 3722 loco
605 3666 735 3743 propter
751 3679 885 3724 causam
902 3660 1003 3723 modo
1017 3662 1142 3725 indice-

55 3759 120 3817 tam
141 3759 278 3821 concedi
301 3757 360 3822 vix
382 3778 421 3822 ac
439 3760 556 3845 neuvix
577 3761 712 3841 quidem
735 3758 877 3845 potest)
898 3763 993 3843 ipsos
1015 3761 1141 3841 aliquid

54 3851 220 3919 invenisse
236 3868 374 3942 accepta
390 3859 543 3924 Lectione
559 3863 687 3938 melius,
704 3862 893 3944 pulchrius3
908 3881 949 3923 an
964 3860 1041 3921 ideo
1058 3860 1140 3922 illud

55 3954 168 4034 potius
183 3959 356 4039 scripsisse
377 3961 566 4036 Horatium,
581 3965 769 4027 conlectum
785 3964 860 4028 esti
892 3960 1045 4025 Licuitne
1066 3960 1141 4024 dor·

56 4055 183 4134 mitare,
198 4057 389 4124 hallucinari
405 4063 502 4126 etiem
520 4063 691 4129 Horatio?
