2408 4200
402 258 609 308 oannruun
634 260 706 309 mr.
731 261 757 310 r.
779 244 832 311 18.
1085 251 1155 316 lta·

236 399 280 464 Et
298 398 428 463 scindat
440 400 617 464 haerentem
632 421 792 468 eoronam

241 534 244 541 ·
278 499 444 578 Crinibus,
458 502 725 586 immeritamque
742 509 878 569 vestem.

54 681 205 744 srungutprre
214 685 322 732 roroiicm
333 665 468 748 impositam
476 685 579 750 cupillis,
588 693 611 736 et
622 687 732 737 iurarem
742 669 913 740 rerumne.

61 925 168 989 effundet
185 927 258 977 Harl.
277 932 301 977 2.
322 929 382 976 Cum
400 929 438 977 M.
456 928 571 989 conferret
594 929 782 980 vetrrrtiorinruo
793 928 876 977 codex
890 928 1066 978 Remuli—27
1084 928 1158 980 Idem

61 992 248 1040 vetustissimus
261 993 361 1041 Bartbii
373 993 473 1040 codex:
491 995 524 1041 Et
535 995 638 1055 ocinum,
655 993 699 1042 beu
707 993 720 1042 i
729 991 829 1055 flentem
840 994 951 1042 coroiiour
962 994 1095 1057 vegaria,
1111 994 1156 1043 irrr-

60 1056 213 1120 meritomque
223 1063 328 1114 nentem
344 1072 411 1105 unus
422 1056 499 1107 Heri.
513 1057 659 1120 Soiudotone
670 1057 825 1106 iaboerertem
833 1058 954 1121 coroibnu,
966 1061 1006 1120 isc.

556 1197 666 1248 NOTAE

62 1310 123 1346 caue
138 1295 207 1360 quod
226 1310 299 1344 suom
315 1301 365 1355 est,
385 1293 536 1358 ubicumque
552 1308 592 1343 re·
633 1295 683 1344 alio
695 1295 798 1357 viderit,
809 1296 870 1359 quin
882 1311 980 1359 pugnae
991 1297 1107 1359 misceat,
1120 1314 1160 1348 co·

61 1372 171 1435 pererit.
205 1369 592 1430 Quovirejnrfuiareindicari
632 1384 771 1435 ronamque
788 1385 820 1418 ex
840 1385 912 1419 more
929 1372 1103 1422 conviviorum
1120 1389 1160 1423 oa·

62 1446 175 1495 videtur.
210 1445 341 1508 Numquid
354 1445 421 1492 enim
440 1445 465 1492 in
482 1445 590 1494 alienam
631 1447 680 1510 piti
700 1447 813 1496 additam
832 1448 972 1510 discerpat,
986 1462 1034 1496 nec
1047 1449 1159 1499 vectibus

62 1529 163 1569 tantum
176 1534 252 1569 aurun
267 1518 345 1567 fuerit
362 1518 468 1578 alienun,
486 1519 510 1565 in
529 1518 589 1567 iibe-
631 1537 750 1586 parcens,
761 1537 864 1587 quoquo
876 1524 952 1572 modo
963 1537 1009 1572 ruo
1027 1523 1109 1573 dolori
1121 1542 1160 1575 aa·

62 1610 116 1644 ram
135 1596 201 1645 liber
239 1595 286 1644 nisi
299 1595 368 1644 forte
380 1596 416 1643 vir
431 1601 458 1642 et
475 1594 588 1656 impetur
629 1597 751 1648 tiniacint.

60 1674 196 1736 reiotypiae
218 1672 378 1734 significetur
402 1672 479 1731 iiiior,
496 1672 539 1734 qui
556 1672 588 1720 ab
662 1677 693 1721 2⁸
719 1673 907 1736 immeritcmqne
922 1673 1021 1736 certem]
1047 1675 1116 1726 Quid
1133 1691 1159 1725 e.

58 1749 142 1798 amica
158 1765 203 1797 sna
219 1750 296 1797 alium
314 1747 394 1797 amari
411 1748 588 1798 intellexerit:
629 1749 680 1797 nim
694 1748 821 1811 peccavit,
836 1747 897 1811 quid
915 1748 981 1796 maie
997 1751 1090 1798 meruit
1103 1765 1158 1799 res·

59 1829 153 1890 quique
172 1828 220 1875 ribi
241 1836 386 1891 temperare
408 1843 486 1892 arque
504 1830 588 1878 conti·
630 1827 662 1874 tir
674 1825 791 1885 moechm,
808 1827 849 1873 rei
861 1825 947 1872 iubdae
960 1826 1111 1889 amasim,ut
1124 1828 1156 1876 ab

61 1915 123 1950 nere
134 1903 199 1951 baud
212 1911 299 1967 quent,
307 1918 363 1952 com
374 1905 520 1967 epulantem
529 1919 588 1954 cnm
630 1901 697 1950 into
709 1902 881 1965 zelotypoque
891 1899 1071 1964 diffringatur?

468 2103 567 2170 ODE
590 2102 738 2167 XVIII.

501 2259 553 2304 nn
578 2256 725 2304 vanum.

427 2389 497 2438 Laus
515 2395 543 2438 et
554 2388 712 2452 vituperium
725 2385 785 2435 vini.

102 2517 284 2596 Numnam,
299 2518 404 2597 Varo,
419 2538 517 2582 sacra
531 2519 596 2583 vite
611 2521 703 2602 prius
718 2517 843 2582 severis
859 2518 1009 2581 arborem

96 2716 118 2762 0
133 2717 202 2782 Vore,
213 2720 300 2768 nubum
309 2719 416 2769 arborem
430 2720 510 2783 potius
520 2735 589 2783 orrum
604 2721 677 2771 ritem
687 2736 780 2772 morum
794 2725 887 2786 pionica
896 2724 959 2772 circo
970 2722 1095 2783 benignum
1107 2726 1155 2768 ter·

516 2862 695 2886 mum

90 2957 154 3007 Hac
165 2957 224 3006 Ode
236 2957 312 3021 bujur
323 2958 394 3008 Libri
405 2959 481 3022 primi
499 2975 566 3010 nona
575 2970 615 3011 est
627 2964 652 3011 in
666 2961 715 3010 Ed.
726 2959 863 3009 aonidum.
895 2961 1049 3010 inscribitur
1060 2962 1085 3007 iu
1098 2962 1154 3021 qui·

59 3020 164 3071 burdam
177 3024 290 3072 codd.et
301 3023 452 3087 edd.entiq.
470 3023 511 3071 Ao
524 3027 681 3080 Quinotiiium
697 3024 802 3074 Verum
827 3024 878 3082 vei,
898 3025 936 3068 Au
952 3024 1050 3069 Varium
1061 3023 1152 3074 Quinc·

58 3085 188 3134 tibrum-l
206 3088 303 3134 Nuiicm
313 3101 368 3134 cere
378 3102 437 3133 noco
451 3086 539 3134 Acron
551 3103 593 3150 ap.
610 3087 714 3135 Fabric.
726 3089 754 3131 et
771 3083 859 3130 iaudat
870 3083 945 3143 Virg.
960 3084 1040 3130 Geor.
1053 3095 1084 3128 11.
1096 3088 1154 3134 alo.

555 3224 662 3274 NOTAE

91 3321 206 3369 Mettum
215 3317 283 3367 idem
293 3315 361 3381 quod
373 3329 453 3379 cupra
462 3313 521 3364 Ode
531 3328 571 3364 xi.
628 3331 654 3367 v.
672 3325 700 3368 et
717 3331 787 3367 xvir.
814 3316 890 3366 Adde
911 3317 979 3382 quod
996 3319 1071 3369 ebert
1085 3318 1154 3370 illan

90 3396 214 3446 Horatius
222 3394 374 3447 Quintilium
384 3394 482 3442 Varum
491 3402 588 3456 monet,
626 3395 756 3460 plerisque
767 3393 928 3444 membranis.

58 3480 87 3522 nt
103 3472 208 3520 nimium
226 3472 265 3519 rei
282 3471 456 3534 Reipublicae,
471 3471 512 3519 rei
528 3471 586 3520 iite-
659 3477 671 3523 l
689 3472 796 3527 Norbam,
812 3470 881 3533 Vm,
892 3486 960 3520 socru
971 3471 1018 3519 nite
1033 3469 1102 3533 prius
1117 3486 1154 3522 re·

59 3563 142 3596 rarum
152 3545 264 3594 studium
275 3560 321 3594 usu
331 3548 382 3594 viui
394 3554 522 3610 temperet
532 3562 584 3596 mo·
623 3547 688 3598 orris
697 3547 814 3609 arborem]
826 3547 941 3595 Metrnm
952 3546 1050 3609 pariter
1059 3552 1086 3594 et
1095 3560 1152 3595 ren·

56 3626 157 3675 dereto.
177 3623 241 3674 Quia
251 3622 382 3670 veroiile?
396 3622 584 3674 Videturcerte
624 3626 733 3675 tentiam
744 3632 877 3674 mutuatus
889 3632 929 3672 est
941 3623 973 3671 ab
986 3621 1090 3671 Aicaeo:
1109 3639 1154 3672 cu·

55 3703 76 3751 ir
95 3714 172 3765 quern
199 3699 225 3747 in
247 3697 313 3746 Arte
337 3697 444 3746 Poiitioa
469 3698 584 3748 celebrat
619 3702 924 3766 jiuapudnmenuaee
944 3702 1085 3762 leguntur:
1102 3707 1152 3762 Μη·

56 3779 124 3828 reiut
138 3777 263 3839 optimum
274 3774 394 3825 indicem
410 3787 441 3822 ac
452 3787 584 3824 censorem
625 3776 664 3826 biv
684 3777 747 3825 iano
769 3775 889 3840 φυτεύσῃς
913 3776 1028 3840 πρότερον
1050 3775 1152 3842 δένδρεον

57 3853 218 3914 Ροὲωαῑιιηι,
238 3851 322 3913 Epist.
348 3849 381 3898 ad
406 3850 523 3913 Pisonen,
546 3867 583 3901 va.
624 3850 730 3912 ἀμπέλω.
764 3850 839 3898 Socra
857 3851 915 3913 uite]
938 3851 1041 3900 Baccho
1058 3867 1151 3919 nempe

58 3933 112 3977 ⁴³8.
123 3928 319 3990 inscriptionem
331 3932 419 3974 tumen
428 3925 499 3988 bujur
511 3926 584 3976 Oder
625 3934 778 3978 consecrata
788 3942 794 3974 ε
814 3927 853 3973 vei
863 3928 922 3990 quia
934 3927 1066 3981 libationer
1078 3933 1103 3982 in
1114 3949 1152 3983 aa·

58 4003 146 4054 sairam
157 4004 248 4055 arserit
257 4000 512 4066 Marcomanorum
524 4002 585 4051 ribi·
625 4006 674 4055 crin
686 4004 746 4053 inde
757 4001 863 4052 fiebant.

59 4080 106 4143 ipri
126 4082 261 4131 Horatium
279 4079 359 4144 ioqui,
376 4078 444 4127 ricut
460 4085 488 4127 et
501 4079 583 4142 Epod.
