2408 4200
56 258 123 325 508
410 277 444 336 o.
467 275 625 324 nnunru
650 274 783 324 runocr

185 417 351 495 Thracen,
368 437 408 482 uc
423 398 509 501 pede
523 421 666 484 barbaro

227 517 418 582 Lustratum
435 518 636 604 Rhodopen.
680 521 729 586 Ut
742 519 823 584 mihi
838 518 934 583 devio

185 616 296 700 Ripae
310 621 344 680 et
357 636 501 682 vacuum
514 639 633 685 nemus

228 717 345 782 Mirari
360 719 464 784 libet!
509 719 540 784 0
557 721 726 787 Naiadum
741 728 871 804 potens,

54 894 108 929 esur
117 882 193 933 cernit
206 882 322 944 Hebrum,
332 887 355 931 et
368 882 492 930 rumen
502 879 597 930 uicibus
606 880 766 943 alienatum,
772 880 846 946 tltqsu
855 883 982 944 Medores
991 880 1091 943 pedibus
1098 881 1157 930 lsr-

55 943 331 1010 temperamus«.
360 945 1155 1009 mmetmumgestmtisuntwtmesqtm

511 1084 696 1107 ΟΜΝ

58 1189 85 1234 ll
101 1184 173 1234 Unus
185 1186 335 1235 Bersmunni
346 1193 374 1234 et
384 1184 460 1234 um.
470 1189 496 1234 ἱ.
511 1191 553 1234 sut
561 1186 619 1249 pede
630 1183 803 1234 burim-li
816 1182 956 1233 Lustrum
965 1181 1057 1260 optimi
1068 1181 1150 1235 codd.

56 1248 193 1310 Torrentil,
203 1257 231 1298 et
243 1248 387 1299 Helmrtsd.
407 1264 423 1298 e
439 1263 474 1298 m.
495 1263 534 1312 pr.
568 1247 637 1298 Vide
652 1249 741 1298 Borm.
753 1254 781 1296 et
794 1248 884 1297 lleim.
896 1249 928 1295 sd
940 1245 1019 1296 0rrd.
1030 1246 1097 1295 liet.
1109 1258 1151 1296 rx.

57 1317 113 1361 165.
133 1312 176 1361 ubi
194 1315 267 1362 multi
284 1312 360 1362 codd.
376 1315 558 1362 ‘nemorosum
574 1311 673 1362 mter!
708 1309 857 1360 Manum
879 1312 955 1360 Deru.
974 1313 1000 1358 ἱ.
1017 1308 1076 1358 ‘sut
1090 1311 1154 1363 nihi

58 1377 134 1426 Dssr.
144 1381 169 1426 ι.
185 1394 213 1426 rc
223 1378 281 1426 milti
292 1378 353 1427 Dir.
365 1377 409 1426 Sil.
419 1376 498 1426 ilsrt.
511 1376 592 1439 Crnq.
609 1374 676 1424 lrsnd
689 1373 766 1424 dubie
777 1389 792 1425 e
804 1389 842 1424 rs.
854 1379 894 1425 ll·
926 1374 1045 1435 Amplexi
1058 1381 1149 1424 tumen

57 1441 107 1489 lroc
119 1441 206 1490 Bentl.
217 1444 282 1492 Con.
294 1442 332 1504 [st
344 1439 436 1502 titud]
446 1440 479 1489 ob
492 1438 642 1502 precedes·
656 1453 703 1488 m
713 1452 786 1502 acus,
798 1453 850 1503 qno
861 1437 976 1489 referunt
986 1452 1014 1486 se
1027 1436 1094 1491 scidi.
1104 1440 1151 1498 dc.

56 1504 149 1553 Multis
162 1506 254 1568 probet
271 1505 359 1553 Bentl.
372 1505 447 1565 vulgo
457 1504 508 1552 dlcl
520 1504 612 1554 beline
623 1517 670 1552 uos
685 1517 751 1552 secus
761 1517 805 1561 scr
821 1509 948 1566 umquem
959 1515 1008 1551 non
1019 1499 1052 1549 ob
1069 1499 1095 1548 id
1106 1500 1150 1565 ip·

59 1581 124 1626 snm,
136 1569 235 1616 etiamsi
248 1568 310 1615 reiis
322 1565 419 1614 referre
440 1566 473 1616 sd
488 1582 535 1615 sou
552 1582 626 1629 secus,
641 1566 794 1628 exquisitius
808 1566 843 1615 rit
853 1572 888 1616 ut.
922 1567 1056 1631 lngrstnm
1068 1563 1152 1614 ertu

56 1630 238 1691 inductumque
249 1638 327 1684 esset,
340 1636 369 1677 ut
384 1630 440 1691 jem
459 1629 519 1679 Ssn.
538 1629 611 1686 vidit,
630 1630 788 1691 geminatum
807 1646 835 1679 uc
853 1631 904 1696 (rs.
916 1633 957 1679 ll.
968 1627 1033 1691 12),
1048 1626 1152 1691 dupllei

56 1706 143 1741 sensu.
174 1692 285 1741 Omnino
298 1700 393 1752 preter
405 1693 491 1741 ilenti.
503 1700 531 1741 et
543 1695 609 1742 Con.
616 1692 671 1755 jum
684 1692 770 1743 Acron
783 1700 811 1743 et
823 1694 920 1744 Conun.
932 1693 1037 1756 Cruqnii
1048 1706 1081 1741 sc
1092 1701 1156 1754 post

56 1770 99 1803 eor
111 1755 222 1818 plurimi,
241 1762 270 1805 ιιι
289 1756 366 1819 Cruq.
383 1755 494 1804 Schmid.
512 1762 549 1817 et,
560 1758 602 1820 qui
617 1759 693 1818 plene
711 1771 802 1806 norum
821 1757 1022 1808 observationem
1039 1754 1065 1803 in
1077 1770 1110 1804 eo
1121 1770 1154 1807 se

55 1816 148 1868 offerre
160 1820 233 1880 dicit,
243 1820 282 1869 Cl.
293 1820 361 1868 Sirr.
372 1820 457 1867 omnis
467 1818 527 1869 ills:
541 1820 598 1868 Nur
607 1821 786 1870 secus...nimri
796 1822 861 1875 tues.
869 1823 893 1871 in
905 1835 977 1869 onum
990 1820 1151 1870 sententium

52 1886 207 1946 junxerunt,
224 1891 252 1933 ut
271 1891 339 1933 erret
357 1881 499 1933 similitudo
515 1897 590 1959 quum
609 1884 719 1934 msxime
735 1885 888 1935 methodica.
921 1882 1059 1934 Contendit
1075 1885 1156 1941 enin

57 1948 144 1996 Bentl.
155 1948 332 2004 etruscum
343 1960 444 2010 semper
454 1947 559 2011 sliqurd,
570 1962 680 2012 quocum
692 1948 843 1998 instituetur
854 1950 1017 2011 comparatio,
1029 1945 1070 1992 vel
1083 1955 1151 1996 snte

59 2013 99 2060 vel
112 2021 171 2072 port
182 2027 210 2060 se
221 2010 314 2059 habere
326 2011 431 2059 debere.
465 2011 491 2061 Ο
502 2011 582 2075 frigus
594 2014 787 2074 grammaticum
799 2015 825 2061 in
841 2010 1022 2076 Dithyrumbo!
1040 2024 1055 2056 s
1070 2011 1150 2071 cujus

57 2083 158 2132 nature,
169 2083 197 2123 nt
210 2076 275 2122 irene
285 2075 378 2123 Ssnad.
392 2083 488 2130 monet,
500 2083 552 2124 ιιιιιι
564 2076 717 2126 methodica
729 2078 952 2142 grumnruticrrque
963 2072 1152 2135 connexiones,

56 2139 256 2187 entlrusissrnum
271 2138 464 2202 refrigerantes,
473 2139 633 2189 slienisrimoe
645 2149 713 2190 snnt.
740 2141 835 2190 Sensus
846 2142 942 2205 lyricus
953 2139 1021 2189 l'erre
1032 2138 1083 2187 lul.
1095 2151 1152 2187 non

57 2209 142 2262 potest
156 2211 206 2251 tum
218 2211 365 2252 sccursturn
376 2204 547 2268 subtilemque
563 2217 733 2253 commentum
746 2207 940 2268 particularum,
955 2205 999 2253 sed
1012 2208 1070 2266 post
1084 2200 1153 2250 uto·

51 2267 130 2328 'dopen
142 2274 264 2328 punctum
277 2270 336 2331 poni
351 2269 444 2330 juben
463 2276 491 2316 ut
503 2283 559 2332 sqq.
578 2267 689 2328 Uitellii,
701 2271 742 2330 isc.
752 2283 843 2317 nousnr
855 2271 1007 2318 sententian
1021 2265 1151 2315 constitu·

57 2339 111 2392 ¹snt.
144 2330 226 2379 Recte
243 2332 281 2379 sic
304 2332 392 2380 Lenrb.
414 2332 488 2379 Torr.
509 2333 587 2381 Bsxt.
603 2331 698 2380 Suosd.
712 2333 781 2383 Jom'
796 2333 927 2381 dani-18
945 2333 1039 2393 ‘Ripss
1057 2343 1152 2379 omnes

58 2395 133 2443 codd.
145 2410 283 2457 omnesque
296 2396 370 2443 editt.
381 2404 441 2443 unte
453 2395 595 2450 nurerum,
607 2396 649 2458 qui
663 2395 757 2458 primus
768 2395 880 2444 correxit
894 2410 970 2508 refer,
987 2408 1095 2456 eumque
1107 2406 1153 2442 se-

57 2461 110 2508 cuti
124 2460 214 2508 Larum
225 2459 315 2521 Steplr.
328 2459 390 2506 Feb.
404 2459 497 2507 Ducer.
509 2460 605 2521 Despr.
616 2459 709 2508 Heius.
725 2460 788 2509 Con.
798 2458 892 2507 Ssnsd.
930 2473 970 2505 on.
989 2457 1151 2520 plurimique

56 2524 110 2570 slii.
144 2523 267 2571 liniebat
280 2523 353 2569 Viros
372 2521 462 2570 doctos
473 2523 520 2570 lroc
535 2524 576 2587 (ut
590 2522 688 2572 diserte
705 2523 832 2572 Bentleii
844 2536 926 2585 eoque
936 2520 1052 2582 suntid),
1069 2522 1145 2583 qnod

54 2599 176 2648 nusquam
188 2585 400 2645 simpliciterripn
413 2596 531 2647 ponetur,
550 2585 605 2635 sine
618 2587 746 2636 mentione
756 2585 865 2636 fluminis
885 2595 930 2634 sut
949 2600 1031 2649 uqnae.
1064 2584 1145 2632 Αιιιι-

56 2662 114 2696 men
126 2662 208 2710 neque
218 2662 287 2710 rupes
297 2649 417 2696 Bentleio
429 2649 544 2712 placent,
554 2649 599 2699 red
611 2652 732 2700 emendet
742 2652 814 2714 ritus,
830 2652 890 2715 quis
905 2651 1059 2699 inducantur
1072 2649 1151 2698 Nais·

546 2779 655 2831 NOTIE

90 2875 151 2922 Nise
160 2876 282 2924 candidum
295 2876 412 2938 Thracen]
429 2875 513 2940 Regio
524 2877 581 2926 lroec
622 2885 661 2925 tro
672 2877 749 2926 etium
762 2878 852 2928 Po'eitae
868 2878 973 2927 lstnisse
986 2873 1147 2926 credendum

56 2948 221 3013 frigidissime
237 2966 364 3016 nunquam
383 2953 526 3002 nonhabet
543 2954 581 3002 ni·
621 2960 668 3002 ert.

56 3039 110 3087 res,
130 3030 197 3075 ‘nec
216 3029 282 3076 coelo
304 3027 363 3076 taen
386 3041 433 3077 nec
454 3027 526 3083 solo,'
547 3043 580 3076 ex
654 3032 685 3075 12
705 3029 739 3075 Ut
748 3028 806 3075 milri
822 3031 897 3089 devio,
909 3028 960 3091 isc]
979 3025 1084 3075 Adlstur
1096 3039 1147 3074 uu·

56 3101 148 3165 Pomp.
159 3104 236 3150 lllelu.
262 3103 335 3152 lnter
345 3104 408 3151 elios
421 3112 520 3152 montes
533 3105 579 3151 tol·
620 3102 687 3150 mine
702 3101 825 3149 Horatius
838 3103 965 3151 dnntnxst
980 3116 1010 3150 es
1020 3101 1146 3164 loquitur,

54 3176 84 3223 lit
98 3179 248 3240 Rhodopen,
259 3179 428 3241 incoliturqne
440 3187 525 3242 pente,
538 3179 578 3226 cui
619 3190 675 3238 qum
693 3176 904 3224 nieditubrrndum
918 3180 1010 3238 juvent
1026 3177 1148 3238 Podtsm,

55 3251 125 3299 velut
136 3254 211 3300 insitu
221 3269 235 3299 ιι
244 3263 336 3302 nutum
346 3253 483 3302 bsrbsries.
511 3251 577 3300 Vide
618 3248 733 3294 desertus
746 3249 872 3309 regiones,
884 3266 987 3314 specus,
1005 3268 1090 3317 rupes,
1101 3267 1148 3303 ne·

55 3337 74 3367 r.
86 3324 137 3371 Od.
149 3331 189 3372 27.
616 3334 694 3368 more.

86 3401 113 3443 ll
135 3399 198 3444 Pede
215 3400 311 3447 barbaro
328 3402 465 3448 Lustratum
484 3400 575 3448 Rhodo·
649 3399 679 3444 13
698 3395 774 3458 Ripns
786 3397 891 3461 [Rupes]
903 3402 946 3450 Sic
956 3402 1073 3463 apposite
1085 3401 1147 3448 illu-

50 3471 106 3532 μη]
132 3471 182 3518 llic
203 3474 350 3520 subtiliores
371 3475 447 3534 aliqui
469 3472 577 3520 offerunt
617 3480 688 3519 retus
710 3471 792 3520 doctis
820 3475 886 3521 visus
909 3474 1060 3529 correxisse,
1083 3477 1148 3533 quia

53 3545 184 3607 Orplreum
200 3549 257 3606 pede
268 3547 375 3606 duriam,
387 3547 412 3594 id
425 3557 474 3608 est,
487 3549 576 3595 curmi-
616 3563 686 3610 rupes
706 3548 736 3596 ud
759 3561 811 3597 rem
830 3549 1062 3599 convenientiores:
1082 3561 1147 3601 curn

53 3623 135 3680 nibus,
157 3622 328 3670 illustrantem
350 3623 484 3673 Thraciam
504 3641 574 3674 suam
616 3634 700 3674 tumen
722 3629 836 3691 plerique
852 3627 953 3675 codices
970 3622 1088 3683 liubesut,
1108 3630 1147 3675 ri.

53 3699 170 3761 putrium,
180 3706 205 3743 et
218 3696 241 3743 in
254 3711 283 3743 ea
296 3708 406 3746 montem
422 3700 573 3762 lllrodopen:
614 3717 673 3764 pns;
691 3717 738 3751 uec
755 3705 789 3750 ita
806 3699 921 3755 absurde,
935 3708 962 3745 ut
982 3697 1084 3758 quidum
1097 3715 1146 3750 vo.

53 3789 83 3823 eo
95 3788 177 3830 sensu,
190 3779 279 3820 uttam
292 3774 325 3821 sit
336 3773 453 3822 omuibus
466 3775 575 3824 admiru-
615 3779 679 3826 lunt.
715 3779 779 3826 Num
800 3783 826 3822 et
843 3773 946 3820 flumine
963 3781 990 3821 et
1008 3770 1145 3827 fluminum

53 3851 109 3899 bilis
127 3849 249 3897 Horatius
270 3848 379 3909 Augusti
403 3849 490 3898 laudes
508 3854 575 3900 cele·
617 3858 677 3918 ripae
696 3855 726 3903 sd
744 3850 882 3900 solitarium
898 3857 925 3896 et
942 3848 1145 3911 cogitabundrun

53 3928 137 3984 bruris,
149 3940 222 3988 qumu
239 3924 346 3973 Bacchis
357 3926 441 3973 Thrax
456 3925 575 3989 Orpheus
617 3932 755 3994 portinent.

53 4018 156 4063 sennem,
167 4011 191 4047 et
205 4000 348 4049 obeuntum
362 4002 487 4051 totoorbe
498 4004 576 4052 nomi·
650 4011 678 4053 lt
700 4009 722 4051 0
744 4003 864 4051 Naiadum
883 4007 974 4063 poteris.
992 4003 1043 4064 dc]
1065 4003 1143 4053 Quod

53 4083 136 4124 uatus.
162 4076 577 4144 Sedocorumeutum,quoduos·
618 4081 689 4144 equis
713 4081 796 4128 ninum
822 4085 861 4127 est
883 4078 1013 4141 potentius
1033 4093 1063 4126 sc
1081 4079 1146 4128 uull-
