2408 4200
598 278 803 329 ranarum.

152 426 258 491 etiam
277 417 582 502 antiquissimorum
608 419 852 502 exemplarium
872 421 1017 504 eopiarn,
1033 426 1067 487 et
1086 424 1204 489 adiri:

152 526 197 591 ad
210 541 283 588 eam
293 539 365 585 rem
379 519 569 603 patientiam
585 522 671 586 satis
686 517 834 602 longam,
848 521 907 586 ille
920 523 1004 587 torte
1017 522 1072 589 irio
1085 524 1165 589 inde
1192 554 1196 579 τ

151 629 217 692 huo
230 625 315 689 altra
326 622 510 687 Baxternm
525 620 652 686 l'lacco
667 623 825 703 prodesse
840 629 948 706 queat.

196 725 327 807 Nempe
355 721 400 787 ad
427 720 495 785 hoc
520 741 609 785 niuno
635 722 835 787 veniendum
863 730 928 787 est.
985 724 1192 791 Wlnnrnnrr

151 829 389 901 Buxrnaus:
402 824 454 886 vir
474 810 605 900 ouius,
629 822 790 887 Richardi
816 823 938 887 nobilis
963 824 1126 908 Theologi
1140 826 1204 893 ira

147 929 292 1012 genitus,
306 924 446 1004 ὀψιμαθὴς
458 924 517 988 ille
530 924 674 1007 quidem,
688 924 746 988 sed
763 925 846 988 item
856 931 967 988 tamen
980 923 1202 1006 ιολυμιθίστατ

149 1030 209 1113 qui
224 1030 261 1092 in
273 1028 377 1091 literis
389 1025 589 1108 antiquariis
613 1024 843 1088 Britannorum
858 1042 1003 1103 suorum,
1018 1031 1085 1090 tum
1101 1025 1203 1094 Grai

150 1149 223 1192 rum
239 1128 546 1208 Romanorumque,
561 1133 597 1189 et
610 1125 821 1188 institutione
837 1136 1023 1205 puerorum,
1040 1133 1075 1189 et
1090 1145 1125 1190 re
1139 1135 1204 1192 ten

152 1229 333 1304 consenuit,
348 1232 464 1291 auctor
485 1225 674 1290 ‘Glossarii
688 1223 937 1306 Antiquitatum
953 1224 1178 1290 Britannioar
1195 1258 1199 1284 ι

150 1328 242 1392 dedit
255 1326 398 1392 londini
413 1324 677 1401 ornruoc1,8vo.
700 1329 711 1358 ‘
728 1323 772 1402 Q.
790 1325 924 1389 Horatii
941 1324 1059 1389 Flaooi
1074 1326 1173 1399 Belo,
1188 1354 1191 1381 ε

150 1449 225 1493 oum
241 1427 379 1492 scholiis
402 1427 591 1509 ‘praecipue
614 1423 819 1507 antiquorum
835 1423 1149 1503 Grammaticorum,
1182 1434 1204 1482 ·l

151 1531 229 1593 lenii
240 1528 396 1605 Acronis,
406 1527 656 1610 Pomponiique
671 1524 918 1608 Porphyrionis,
927 1540 1068 1609 quorum
1081 1527 1202 1610 reliqui

152 1630 251 1695 toedis
265 1630 578 1719 interpolationibus
593 1633 751 1710 purgatas
767 1645 807 1690 ao
821 1625 889 1690 sere
903 1628 1053 1708 integras
1068 1647 1189 1711 repone

153 1751 188 1794 se
202 1733 353 1814 putabat,
383 1731 504 1796 Utrum
518 1750 582 1794 suo
598 1729 704 1792 solius
717 1729 850 1810 ingenio
864 1736 900 1791 et
909 1730 1038 1812 judicio
1053 1730 1085 1792 in
1097 1747 1201 1793 censu

152 1831 209 1896 illa
234 1831 431 1912 delectuque
456 1837 608 1894 versatus
630 1830 685 1905 sit,
713 1848 756 1891 an
787 1828 969 1910 adjumenti
993 1830 1174 1912 quicquain

153 1932 299 2013 antiquis
319 1931 414 1994 libris
433 1930 600 2008 habuerit,
615 1948 793 2011 nusquam,
810 1938 902 2013 puto,
917 1931 1063 1994 indicat:
1086 1929 1144 1994 sed
1160 1929 1181 1993 d
1203 1963 1204 1980 2

154 2032 195 2094 de
217 2032 384 2114 praesidiis
409 2034 556 2096 externis
585 2041 685 2110 tacet,
706 2032 841 2109 latetur,
868 2033 980 2110 credo,
1003 2032 1095 2096 nulla
1119 2050 1157 2094 se
1190 2058 1195 2087 ι

156 2135 283 2198 baisse.
560 2148 564 2155 ·

199 2235 353 2301 Ceterum
376 2233 456 2299 milri
479 2244 619 2300 nonest
642 2236 792 2310 dubium,
819 2235 900 2315 quin
930 2236 1123 2317 plerumque
1152 2253 1191 2298 ce

152 2337 234 2400 bene
250 2336 408 2419 judicarit
430 2337 501 2399 ‘vir
514 2337 694 2401 reconditae
704 2334 927 2411 ·eruditionis,‘
949 2336 1103 2400 utillum
1126 2355 1204 2417 ap·=

148 2439 194 2502 lat
215 2455 348 2501 severus
370 2452 489 2501 censor
512 2437 685 2503 Bentleius
705 2437 749 2501 ad
776 2454 802 2500 1.
828 2435 894 2499 Od.
918 2439 950 2503 3.
968 2438 1022 2501 20.
1046 2439 1102 2520 qui
1125 2435 1195 2499 ‘do

149 2539 356 2622 interpretis'
380 2538 526 2619 elogium
548 2538 596 2602 itti
618 2558 685 2602 uon
706 2539 845 2615 invidet,
859 2558 965 2622 neque
979 2558 1054 2602 euru
1070 2538 1203 2621 reprehe

149 2640 207 2717 dit,
221 2648 259 2705 ut
272 2642 317 2705 ad
332 2657 373 2704 ιι.
387 2639 460 2704 Sat.
473 2639 506 2703 3.
521 2638 575 2703 28.
590 2641 626 2703 it.
643 2655 683 2702 11.
699 2639 769 2703 Sat.
782 2642 814 2702 4.
828 2642 883 2704 117.
928 2640 972 2704 Et
993 2659 1075 2704 saue
1093 2639 1185 2703 erudi

151 2752 215 2816 est,
229 2759 270 2804 ac
283 2741 445 2806 doctrinae
457 2738 604 2803 melioris
617 2738 745 2821 aliquid
759 2741 857 2803 nobis
872 2741 1030 2822 impertit,
1046 2741 1148 2804 etiarn
1162 2762 1197 2806 cr

152 2845 247 2917 errat,
263 2847 320 2906 ant
338 2841 437 2905 nimis
458 2839 608 2922 indulget
630 2839 781 2921 ingeui03
804 2839 838 2902 id
853 2842 943 2922 quod
962 2844 1135 2925 praecipue
1151 2843 1200 2907 cir

150 2941 225 3006 illas
240 2941 405 3023 Dilogius,
420 2942 444 3004 i.
459 2961 490 3004 a.
512 2941 714 3023 Allegorias,
730 2948 900 3024 tantopere
915 2953 1045 3007 amatas
1060 2946 1144 3021 viro,
1160 2963 1202 3008 oo

150 3043 269 3124 tingere
283 3045 438 3119 observo,
452 3063 485 3106 v.
501 3064 533 3124 g.
561 3060 586 3108 1.
601 3044 667 3107 Od.
682 3045 735 3108 15.
749 3052 785 3108 et
799 3044 855 3108 28.
872 3053 908 3108 et
929 3046 982 3109 34.
1005 3047 1046 3108 it.
1068 3060 1109 3109 ιι.
1126 3045 1191 3108 Od.

149 3143 200 3208 ll.
216 3145 294 3208 et3.
307 3145 341 3207 3.
356 3145 437 3209 et4
452 3145 485 3207 1.
509 3149 610 3224 atque
624 3145 656 3207 6.
685 3144 829 3226 deniqne
850 3145 993 3226 Epodon
1019 3160 1106 3206 xiii.
1131 3146 1183 3208 12

149 3244 268 3324 quibus
282 3244 370 3306 locis
383 3261 502 3324 parum
516 3241 645 3305 videtur
660 3261 785 3306 memor
799 3245 901 3308 fuisse
920 3264 1042 3320 eorum,
1057 3263 1134 3327 quen
1149 3245 1199 3309 sal

149 3342 197 3405 bri
211 3342 376 3407 consilio
367 3361 442 3424 ipse
466 3341 598 3404 monuit
612 3342 721 3407 adrv
744 3344 811 3409 Od
829 3347 928 3410 710.
951 3345 1036 3428 (vid
1057 3346 1199 3410 Addend

148 3741 233 3805 sorte
249 3741 293 3803 ab
308 3740 367 3803 illo
382 3748 585 3807 contemtum
594 3764 630 3808 sa
638 3748 789 3828 putabat,
803 3745 884 3822 (uid.
900 3742 943 3805 ad
960 3743 1088 3807 1v.0d.
1104 3744 1204 3807 1411

180 3933 192 3957 ⁸
207 3924 259 3976 Qui
271 3923 304 3972 de
315 3921 365 3971 viri
378 3921 478 3973 viaet
495 3925 581 3974 Libris
597 3927 674 3975 editis
716 3925 836 3988 primurn.

148 3998 303 4063 ineditisqua
322 3997 414 4046 doceri
432 3997 527 4059 volunt,
543 4000 614 4048 adire
631 4000 676 4048 de·
748 3997 771 4059 [b
787 3997 829 4045 Ad
852 3993 962 4046 aaaron
979 4009 1013 4046 sc.
1031 3998 1131 4048 Nolam
1151 3994 1179 4041 in

149 4074 212 4123 beat
227 4073 393 4139 Biographlar
412 4071 569 4124 Britannico
580 4084 676 4124 toruum
717 4072 813 4133 Germ]
