2408 4200
375 267 579 316 cunuruuu
606 267 677 316 nro.
701 268 752 316 tv.
773 253 804 316 3.

180 405 286 470 Curru
300 398 400 470 ducet
413 404 563 469 Achaico

224 505 412 584 Victorem3
434 525 542 586 noque
557 525 611 569 ros
623 506 743 571 bellica
754 505 860 571 Deliis

181 603 339 669 Ornatum
353 605 445 667 foliis
461 603 590 678 ducem,
1037 685 1040 692 Ι

222 703 324 781 Quod
338 723 447 785 rogum
463 704 604 768 tumidos
619 704 808 770 contuderit
821 706 936 778 minus,

181 804 343 868 Ostendet
358 801 552 885 Capitolio:

225 904 295 969 Sed
309 923 384 988 quoe
399 903 503 967 Tibur
517 910 616 987 equae
628 905 734 970 sumile
749 906 936 989 praefluunt,
1096 912 1138 976 10

53 1119 93 1152 neo
104 1104 206 1155 militare
215 1106 312 1166 sorim
322 1105 489 1170 Imperatorem
499 1107 626 1156 ostentabit
634 1108 750 1171 capitolio
753 1090 881 1167 frondibus
890 1108 1066 1172 Apollinaribus
1073 1085 1138 1157 coro·

53 1175 142 1233 mum,
152 1173 245 1233 eoquod
255 1170 365 1235 superdas
378 1171 470 1231 Regum
480 1172 555 1219 minas
565 1170 679 1232 fregerit.
708 1173 792 1223 Verum
802 1190 868 1239 aqua
878 1173 1012 1234 secuudum
1022 1172 1095 1222 liber
1105 1172 1138 1219 ir·

507 1324 686 1347 meeum

53 1445 160 1489 sam-2
178 1439 288 1489 Mentel.
308 1441 400 1503 placido
419 1440 567 1490 omino-o
585 1441 677 1490 Aoiaio
698 1442 808 1504 Cuning.
833 1441 928 1491 Sanad.
947 1447 975 1490 et
992 1441 1140 1491 'l'oweru-

53 1510 69 1552 8
87 1505 159 1552 Unus
176 1504 341 1552 Bersmauui:
361 1504 598 1553 tiosidasooaluderit
608 1505 743 1554 minos—9
759 1507 832 1569 Lips.
844 1511 868 1554 l.
880 1510 903 1555 4.
915 1508 939 1554 4.
957 1505 1053 1554 venet.
1069 1509 1141 1554 149².

54 1574 81 1615 et
93 1567 200 1615 noctur.
213 1567 323 1615 Ostendit
336 1568 525 1630 capitolio-tt)
544 1568 617 1617 mour
626 1569 679 1629 us.
687 1569 805 1632 posim
816 1569 931 1617 nonnulli
943 1568 1031 1618 Isumb-
1041 1575 1069 1618 et
1080 1569 1140 1617 alio·

55 1642 120 1688 rum,
132 1630 202 1691 Lips.
215 1634 237 1678 1.
249 1635 273 1678 4.
289 1631 343 1679 Alt-
354 1635 378 1682 4.
390 1631 485 1681 Venet.
496 1636 566 1681 1478.
578 1634 639 1682 Vet.
650 1632 739 1683 Comb.
750 1632 809 1682 aid.
823 1634 891 1681 Mur.
904 1632 982 1682 Febr.
992 1634 1084 1681 venet.
1097 1645 1140 1694 ap.

55 1693 136 1742 zion.
148 1693 270 1744 Glareau.
282 1694 394 1744 Cltabot.
405 1696 494 1746 Basili.
505 1697 594 1746 Lamb.
606 1697 649 1746 ed.
660 1711 699 1760 pr.
710 1697 801 1760 Steplr.
819 1697 883 1747 Fsb.
899 1698 996 1747 Decor.
1020 1696 1141 1759 polislasnt

55 1756 332 1807 PulmanniGemblac.
344 1763 367 1808 2.
387 1759 545 1823 (quanquam
563 1775 621 1809 cum
640 1761 832 1824 superescripto
849 1760 990 1823 profluunt)
1007 1759 1142 1808 Mentula

55 1834 88 1869 m.
101 1835 121 1869 s.
132 1821 244 1870 Bentleii
257 1822 332 1871 Leid.
351 1825 462 1883 moluerit
478 1823 547 1886 quid.
567 1824 656 1872 hamb.
687 1825 738 1871 Sed
754 1824 885 1884 praefluunt
901 1825 951 1870 ‹luo
971 1823 1044 1869 Vatt.
1061 1823 1141 1869 Torn.

55 1885 177 1933 Russstd.
190 1885 277 1934 Nicot.
293 1885 382 1933 Lamb.
393 1885 529 1933 Pulmanni
542 1886 628 1931 Hunn.
640 1883 773 1930 Gemblac.
788 1890 809 1930 1.
826 1891 853 1931 et
867 1886 963 1930 Beller.
983 1883 1041 1930 libri
1061 1883 1141 1945 Cruq.

54 1961 141 1996 omnes
160 1950 279 1997 meliores
297 1949 416 1994 Torreut.
437 1946 487 1992 dno
506 1947 604 1991 Bersm.
625 1944 699 1991 Harl.
712 1948 734 1991 l.
749 1949 773 1992 1.
790 1947 850 1993 tut.
862 1949 886 1993 t.
898 1949 922 1992 6.
939 1944 1027 1993 Benti.
1052 1943 1140 1995 θην.

55 2010 148 2073 Regin.
165 2020 192 2060 et
206 2013 259 2064 alii.
271 2007 405 2055 Menoeis
417 2020 449 2052 m.
463 2020 501 2066 pr.
515 2006 781 2066 iucundorum
798 2007 853 2056 tto.
866 2013 889 2056 l.
907 2008 1016 2071 Franeq.
1031 2007 1142 2057 Helmst.

53 2075 148 2122 venet.
160 2078 233 2122 1494.
250 2072 356 2117 loclrer.
375 2069 436 2117 Aac.
457 2067 548 2116 Heius.
568 2069 654 2117 lumb.
673 2070 749 2132 Cruq.
766 2071 839 2120 Torr.
855 2072 935 2133 Rutg.
955 2071 1033 2121 Baxt.
1054 2072 1141 2120 Bentl.

55 2134 141 2182 Burm.
155 2135 219 2182 Cun.
231 2133 293 2182 San.
303 2130 364 2180 lon.
373 2131 439 2180 Sivr.
454 2131 524 2193 dani,
543 2131 649 2195 Bipont.
660 2133 768 2183 Mitsclr.
780 2135 893 2192 Tomeos,
905 2135 1020 2197 Francis,
1031 2134 1140 2185 Wetoel.

542 2291 652 2342 NOTAE

57 2409 176 2471 palmaet
188 2403 577 2465 coronoserantlaudes,sedet
618 2403 694 2453 modo
714 2405 829 2467 Antium,
850 2404 907 2454 inde
926 2404 1063 2463 Albanum,
1081 2405 1140 2453 inde

56 2496 113 2529 cum
136 2487 301 2529 revertantur
324 2481 348 2528 in
370 2495 429 2528 suas
449 2480 578 2541 civitates,
618 2482 722 2528 Romam
734 2516 740 2529 .
750 2514 757 2528 .
768 2514 774 2528 .
785 2487 856 2529 vesta
880 2493 1009 2543 purpurea
1020 2494 1141 2529 ...coro-

57 2570 115 2603 cum
127 2556 235 2603 victorin
250 2555 435 2617 triumphantes
448 2555 579 2617 quadrigis
618 2555 769 2617 namcspite
779 2569 871 2616 gerens
882 2554 1139 2616 Olympiacamdex·

56 2631 81 2677 in
94 2629 184 2676 monis
193 2629 427 2691 invehantur,eque
437 2630 579 2691 Republica
619 2637 659 2677 trs
677 2644 752 2677 mauu
773 2629 912 2692 Pythiam,'
928 2633 976 2678 otc.
1096 2621 1099 2626 ’

58 2703 400 2764 perpetuavitaconstitutis
414 2703 580 2764 vectigalibus
650 2708 666 2750 ti
684 2705 765 2766 Neque
781 2718 818 2750 rer
838 2704 918 2752 bellica
933 2704 1011 2753 Deliis
1024 2704 1141 2752 Ornatum

58 2774 193 2823 fruantur.¹
221 2777 326 2822 sueton.
337 2775 434 2822 Neron.
445 2789 502 2836 cap.
511 2788 581 2824 xxti.
611 2779 691 2840 foliis,
704 2782 755 2842 tto]
776 2782 832 2829 Nec
844 2781 948 2831 fortiter
959 2783 984 2829 in
1002 2782 1070 2830 bello
1083 2794 1141 2842 ges·

57 2850 138 2898 ‘Mox
150 2856 177 2897 et
194 2849 248 2910 ipse
266 2848 396 2907 surripere,
408 2855 485 2910 atque
504 2848 581 2896 etiam
617 2855 651 2900 tis
664 2854 822 2914 triumphans
832 2855 998 2904 coronabitur
1007 2855 1141 2903 lauressa·

57 2927 169 2990 spectari
182 2925 371 2974 voluit...tum
384 2925 461 2972 etism
474 2925 499 2972 in
511 2926 581 2974 circo
619 2941 664 2976 crs
687 2928 800 2990 Apollini
821 2929 889 2991 spud
914 2930 1008 2976 Delum
1032 2930 1140 2976 insulam

57 3004 267 3051 maximo...nec
284 3008 420 3049 contentus
439 3001 525 3046 harum
541 3013 581 3046 ar·
619 3008 680 3049 nuto
692 3010 718 3049 et
728 3002 820 3049 eximie
828 3003 908 3051 culto.
929 3002 1020 3049 Videt.
1036 3003 1088 3050 Od.
1100 3007 1140 3049 21.

59 3079 119 3125 tium
148 3075 326 3137 experimenta
354 3076 442 3122 Romae
469 3073 581 3133 dedisse,
650 3080 666 3123 9
688 3076 803 3124 ouomm
823 3075 949 3138 Capitolio]
974 3076 1141 3136 Triumphum

59 3152 180 3200 Achaiam
191 3151 283 3214 petiit)
299 3149 364 3211 Cap.
374 3163 455 3198 xxrtr.
472 3150 582 3197 ‘Certa
619 3151 725 3214 quisque
738 3150 854 3198 inaurato
869 3164 944 3198 curru
963 3164 1009 3213 per
1024 3151 1089 3198 riam
1102 3166 1139 3198 sn·

59 3227 127 3274 mina
154 3225 275 3289 deinceps
298 3225 362 3274 obiit
388 3224 490 3274 omnis!
518 3226 583 3287 Cap.
619 3241 687 3274 cram
706 3225 847 3273 vehebatur
866 3226 898 3273 sd
914 3225 1079 3287 Capitolium,
1096 3239 1141 3273 seu

60 3314 141 3349 xxiv.
153 3302 160 3327 ‘
172 3301 304 3363 Aurigavit
314 3301 484 3364 plurifariam,
494 3299 582 3360 Olym·
619 3316 703 3350 arcem
717 3301 824 3350 Roman.
836 3301 861 3348 in
878 3308 964 3348 monte
974 3301 1086 3363 Tarpeio
1097 3316 1142 3349 ex·

59 3377 107 3440 piis
117 3375 194 3423 etiam
206 3376 382 3439 decemjugem
391 3409 396 3424 .
405 3411 411 3423 .
421 3377 479 3424 .sed
491 3388 582 3423 excors·
619 3385 751 3436 structam,
761 3376 794 3424 ob
805 3376 934 3423 inventum
953 3375 986 3423 ibi
1005 3383 1081 3436 caput
1098 3378 1141 3423 hn-

59 3453 581 3500 suscurru...neceoseciuscoronatus
620 3466 721 3499 manum
742 3451 778 3498 sic
802 3451 966 3512 appellatam.
1000 3450 1059 3498 lilio
1081 3449 1141 3499 Jori

60 3534 130 3575 est..
141 3525 260 3575 ..ludices
273 3524 377 3574 donarit
389 3527 495 3574 civitate
510 3526 581 3572 Rom.
619 3528 724 3590 liliaque
741 3528 835 3589 gratias
853 3526 991 3584 referebat,
1010 3527 1141 3588 spoliaque

60 3611 87 3651 et
109 3602 218 3665 pecunia
239 3600 339 3663 grandi,
367 3615 397 3649 uc
425 3602 580 3663 provinciam
620 3602 652 3650 de
664 3603 779 3651 hostibus
790 3603 870 3650 reluta
883 3602 1057 3650 consecrabat,

61 3676 343 3727 unirerssmlibertate.
376 3677 440 3726 (lure
459 3677 582 3725 beneficio
654 3683 685 3726 1⁰
702 3681 749 3727 Sed
770 3696 821 3741 quoe
841 3678 1073 3741 Tiiuroquaestsc]
1090 3676 1140 3724 Sed

62 3753 175 3801 emedio
192 3753 282 3814 stadio,
300 3751 462 3800 lstlrmiorum
474 3751 526 3810 die,
537 3766 581 3798 sua
621 3754 744 3816 insignem
770 3769 827 3802 eum
854 3754 951 3801 facient
972 3753 1089 3801 Carmina
1116 3752 1139 3795 in

62 3831 117 3891 ipse
139 3845 202 3879 voce
224 3831 414 3893 pronuntiavit!
432 3830 496 3892 Cap.
516 3844 581 3878 xxv.
622 3845 720 3878 amoeno
732 3830 833 3877 Tiburis
848 3842 950 3876 secessu
969 3826 1082 3884 condita,
1101 3827 1140 3870 vel

63 3905 209 3952 ‘Reversus
230 3921 245 3953 e
267 3906 370 3954 Graecia
394 3906 580 3967 Neapolim...
620 3905 674 3966 ejus
691 3905 740 3953 loci
758 3902 952 3964 descriptionem
970 3906 997 3946 et
1012 3899 1141 3946 amoenita-

63 3979 127 4025 albis
136 3980 207 4041 equis
215 3980 322 4038 introiit,
331 3981 437 4041 disjecta
446 3991 519 4042 parte
529 3995 581 4028 mn·
622 3986 672 4026 tem
692 3978 858 4027 continentia.
893 3975 934 4020 De
956 3973 1049 4020 'l'ibnro
1069 3973 1140 4034 aquis

64 4055 94 4112 ri,
115 4060 144 4100 ut
161 4066 214 4100 mos
231 4053 416 4100 hieronicarum
433 4063 486 4100 est:
506 4055 581 4102 simili
622 4053 672 4099 udo
690 4067 707 4098 r.
723 4051 773 4098 Od.
794 4055 817 4097 7.
837 4062 877 4095 ur.
891 4046 939 4095 Od.
952 4051 990 4094 29.
1023 4047 1097 4097 (litori
1109 4061 1140 4096 eo
