2408 4200
360 272 563 322 cnnnrnuu
590 270 664 320 sis.
688 267 744 319 tn.
768 255 822 320 lit.

226 416 337 482 Nudis
346 415 467 498 junctu
481 413 662 478 sororibus.

266 516 417 580 Insnnire
431 515 549 597 juvet:
571 531 631 577 our
644 513 850 597 Berecyntiae

224 615 370 681 Cessent
383 615 517 679 flamine
531 615 646 678 tibiml

266 717 334 782 Cur
347 715 467 800 pendet
480 715 584 780 tuoitn
596 714 711 781 fistula
726 734 802 780 oum
815 715 912 797 tyrnt

224 818 403 882 Percentes
418 835 478 898 ego
494 817 648 881 dexteras
899 816 909 826 '

266 915 353 981 Odi:
376 934 495 999 sparge
510 934 623 994 ronus3
646 915 764 980 oudiat
777 914 913 980 invidus

223 1016 417 1080 Dementem
432 1017 604 1099 strepitum
619 1016 742 1100 Lycus,

267 1117 311 1181 Et
327 1117 437 1181 vicine
451 1117 524 1181 seni
538 1136 604 1181 non
618 1117 739 1182 habilis
757 1116 861 1199 Lyco.

52 1311 121 1361 psum
136 1299 186 1350 trio
200 1301 290 1363 poesim
324 1299 407 1349 Placet
417 1299 511 1358 sturm.
546 1297 626 1352 Quare
636 1301 697 1345 locet
716 1310 786 1344 sonus
797 1295 890 1360 yirtnloe
900 1293 1031 1358 Pirpgioet
1065 1292 1144 1347 Quare

52 1361 180 1412 tiliacum
196 1365 403 1427 citltompmdem
420 1364 592 1411 mererent?
624 1359 713 1408 Munus
730 1374 773 1419 ego
791 1363 908 1408 munster
922 1371 1024 1406 mersor.
1058 1355 1145 1403 Stenae

52 1435 125 1483 torm,
139 1441 206 1490 puer.
239 1428 372 1492 Strepitum
385 1426 492 1476 {mmm
507 1424 589 1473 oudiot
601 1421 681 1485 Lycur
690 1423 793 1479 insides,
804 1437 890 1471 menon
900 1421 977 1471 ricino
994 1419 1058 1483 Lyco
1068 1417 1144 1466 oetnlo

551 1566 699 1589 noanon

56 1662 175 1719 Marcili,
194 1663 237 1729 qni
257 1663 377 1728 praefert:
394 1666 440 1716 sed
460 1674 566 1717 veretur
584 1666 672 1717 Benti.
693 1670 722 1714 nt
741 1671 814 1716 recte
830 1661 962 1726 aspexerit
980 1657 1144 1710 vocabulum.

56 1724 179 1776 Attamen
197 1730 298 1792 recepit
317 1730 427 1793 Coning.
445 1731 607 1793 improbente
624 1731 760 1783 iani—18
778 1728 830 1778 Hic
847 1741 912 1776 nova
924 1725 984 1775 Ode
999 1723 1091 1785 incipit
1101 1737 1145 1785 ap.

56 1789 123 1839 Slvr.
134 1805 192 1840 cum
204 1792 388 1855 Inscriptione,
404 1795 444 1843 Ao
460 1794 594 1858 Telephum,
603 1809 680 1859 quam
691 1808 724 1842 ex
734 1792 860 1843 Alcmane
873 1803 1022 1853 expressam
1033 1787 1072 1834 sir
1083 1786 1146 1835 doc-

55 1853 168 1903 tissimus
179 1864 276 1919 narrat,
291 1864 442 1920 argumenta
454 1857 560 1919 ducens,
570 1867 599 1906 nt
610 1860 709 1916 soiet‚e
720 1856 863 1905 nominibus
876 1853 993 1916 propriis.
1026 1850 1146 1922 Berecyn-

55 1917 112 1964 tlrioe
131 1919 189 1968 edd.
207 1928 272 1968 vett.
290 1935 331 1981 ap.
348 1920 494 1967 Zenn-20
510 1921 621 1982 cuning.
632 1918 735 1968 emend.
744 1921 856 1980 pendent,
868 1915 1030 1978 improbante
1041 1912 1145 1962 June.-

54 1983 86 2030 tt
103 1982 246 2047 Antiquiss.
264 1982 376 2031 Biandd.
394 1981 602 2042 Cruqnii,ltobili,
614 1983 656 2029 cni
668 1979 742 2028 valde
759 1981 854 2042 placet.
887 1978 937 2028 Sed
952 1977 1040 2027 Acron
1052 1973 1145 2024 mendo

547 2106 656 2158 NOTAE

57 2211 96 2253 tes
106 2210 190 2252 notem
202 2215 292 2264 pacem
308 2207 334 2251 et
351 2200 428 2250 nuitni
441 2203 582 2268 tranquilli·
620 2215 658 2252 ιν.
670 2200 722 2251 Od.
735 2206 774 2251 1⁵.
785 2207 825 2251 30.
852 2204 934 2252 Porro
950 2203 1039 2252 barum
1056 2201 1147 2251 modus

57 2286 147 2338 tatem,
159 2278 208 2327 trie
219 2281 320 2326 tantum
333 2278 425 2339 pocula
436 2276 581 2342 indulgent,
622 2284 649 2326 et
667 2291 787 2325 numerus
809 2277 971 2338 concitatior,
989 2276 1147 2340 proindeque

56 2356 130 2416 plura
141 2367 201 2402 tero
213 2351 359 2414 prohibent.
621 2353 805 2404 bacchantibus
817 2352 906 2401 matris
921 2353 1006 2401 Deum
1018 2349 1146 2399 sacrificu-

90 2436 120 2480 tt
135 2429 225 2492 Nndis]
241 2430 302 2478 Sine
313 2431 381 2493 dolo,
392 2429 492 2491 frande,
502 2429 570 2480 inco.
621 2431 652 2479 lis
661 2430 742 2492 magis
751 2429 828 2477 etiam
840 2425 1030 2490 permovendis,
1038 2423 1083 2488 (do
1091 2423 1150 2487 qui-

89 2506 225 2569 Sororilns]
245 2507 309 2555 Tres
325 2515 489 2558 numerentur
505 2510 582 2564 enim,
621 2506 669 2555 bns
680 2520 701 2555 r.
713 2505 766 2554 od.
778 2503 830 2567 te.)
841 2502 970 2567 quibusvis
981 2499 1145 2563 epulantibus

58 2581 159 2644 Aglaie,
167 2582 267 2642 Thalia,
276 2584 453 2647 Euphrosyne.
469 2584 535 2634 Vide
544 2597 582 2633 rv.
619 2583 698 2631 etiam
721 2589 749 2629 et
771 2578 981 2642 competentibus
1003 2576 1148 2639 plusculum

59 2654 113 2701 0d.
123 2658 149 2701 t.
160 2660 184 2700 fi.
197 2655 282 2717 ibique
295 2658 357 2705 Not.
621 2655 765 2705 excitandis
784 2652 1000 2703 accommodatus.
1040 2651 1148 2711 Contra,

93 2730 124 2773 18
134 2728 327 2793 [naonirejnoot]
341 2731 437 2779 Noster
448 2745 468 2781 r.
479 2733 532 2781 Od.
542 2737 585 2781 2⁷.
620 2731 735 2780 Doricus
758 2730 847 2778 modus
875 2729 960 2790 gratis
981 2742 1011 2776 oc
1033 2725 1150 2788 sedatus,

60 2802 92 2849 de
112 2802 210 2849 insania
228 2816 261 2850 ex
273 2805 584 2868 immodicacompotatio·
622 2818 731 2867 eumque
751 2804 881 2852 docendos
905 2817 1007 2864 prtem,
1027 2800 1148 2863 l‘iaeciist

60 2890 92 2924 ne
103 2894 108 2923 :
126 2876 324 2925 ‘Verecrrndnm
336 2879 466 2927 Bacchum
477 2881 585 2942 Sangui·
622 2877 732 2926 Aristot.
740 2878 820 2925 Polit.
830 2890 893 2925 vrri.
909 2876 1006 2924 AEolins
1016 2873 1149 2923 saltationi

60 2952 115 3001 ueis
139 2950 273 3013 prohibete
294 2952 375 3012 riuis,'
400 2958 438 3012 et,
458 2953 583 3015 ‘impium
624 2959 708 3016 uptus.
741 2952 828 3000 Ionius
843 2957 918 2998 setus
935 2950 1058 3014 asperior,
1068 2961 1148 2997 notus

59 3027 197 3076 clamorem
209 3027 298 3089 lenite,
310 3026 431 3076 sodates!
466 3028 508 3076 De
520 3027 584 3076 libe·
623 3029 733 3076 mollior.

60 3102 120 3150 riori
132 3103 209 3164 panio
226 3101 303 3151 animi
318 3101 453 3165 gestientis
468 3102 584 3163 lascivia,
656 3107 686 3150 tl
704 3103 832 3150 Poremtee
854 3097 975 3158 dexterae]
1001 3097 1051 3145 Vel
1071 3109 1149 3159 perce

61 3189 93 3225 rr.
104 3175 156 3224 od.
168 3180 192 3225 t.
210 3176 236 3225 in
253 3176 314 3228 line.
334 3177 414 3227 ‘Non
434 3191 482 3239 ego
499 3178 584 3226 sanius
626 3177 711 3226 vinnm
723 3176 907 3232 ministrantes,
920 3173 964 3221 vei
979 3177 1083 3220 acantn
1094 3173 1151 3233 pni-

62 3249 212 3298 Beccbebor
232 3251 343 3302 Edonis:
372 3261 478 3316 recepto
501 3252 585 3302 Dulce
626 3253 763 3316 saudisqne
781 3250 955 3300 instrumentis
970 3247 1077 3298 Mneicis
1096 3261 1151 3296 oes-

62 3323 121 3371 miiri
132 3321 218 3371 irruere
229 3331 270 3373 est
280 3325 379 3376 amico!
626 3335 721 3389 santes,
732 3334 872 3389 torpentes,
884 3326 986 3374 otiosus.

104 3399 313 3461 canereqotte
325 3402 422 3451 Gereoni
433 3401 534 3464 flumine
553 3401 586 3449 ti·
657 3401 889 3465 respergimus]
916 3401 953 3449 Ut
972 3399 1033 3449 nibil
1050 3399 1149 3449 lutitire

62 3474 118 3539 bioe]
136 3477 188 3525 Cur
203 3490 254 3523 uon
265 3477 320 3538 jam
338 3475 459 3526 inflantur
476 3486 503 3525 et
519 3477 587 3525 inso-
626 3477 701 3532 derit,
719 3491 734 3524 o
751 3490 823 3539 puer,
840 3477 918 3524 etium
941 3474 1046 3525 floribus
1064 3483 1149 3524 sterne

62 3559 126 3598 nant
145 3551 214 3600 tibiae
232 3558 260 3599 et
276 3551 393 3613 citlrerre,
411 3553 442 3600 nd
460 3553 587 3614 integram
625 3566 776 3601 mensnmac
789 3552 936 3600 triclinium.

63 3627 172 3676 convivii
193 3627 368 3676 bilaritatem?
403 3627 459 3675 iilae
483 3626 587 3675 adbibe-
656 3629 746 3676 Audiet
763 3628 857 3676 invidus
873 3627 1012 3677 Dementem
1027 3627 1150 3689 strepitum

63 3699 157 3750 bantur
174 3704 199 3750 in
216 3700 487 3766 sacrlsCybeiae,qnn
506 3702 586 3750 nBe-
626 3702 714 3767 weris]
742 3704 843 3751 Clamor
865 3717 894 3751 ac
917 3702 1040 3764 strepitus
1065 3709 1152 3749 noster

65 3776 187 3835 recyntbo
205 3775 326 3840 Phrygiis
342 3785 439 3838 monte,
458 3777 502 3825 nbi
520 3777 587 3826 cole·
625 3779 734 3828 ebriosis
753 3785 888 3827 consuetus
905 3784 931 3825 et
952 3777 1090 3824 hilaritatis
1113 3776 1151 3822 in·

64 3848 150 3913 batur,
172 3854 344 3917 Berecynthia
365 3855 434 3903 dictu
454 3861 502 3903 est.
536 3853 587 3901 Alii
625 3856 686 3915 dex,
707 3855 771 3917 Lyci
794 3854 871 3902 vicini
898 3853 988 3908 nostri,
1011 3850 1149 3910 capularis,

66 3923 156 3972 dicunt
178 3926 253 3974 tibies
273 3928 391 3976 intentes
421 3930 530 3991 primum
560 3929 585 3976 in
626 3931 727 3988 morosi,
739 3929 843 3978 nuribus
860 3926 1003 3986 obstrepat,
1020 3923 1149 3987 bilemque

66 3997 180 4056 Phrygii
190 4005 218 4045 et
229 4000 325 4056 Lydio:
343 4016 373 4050 uc
384 4011 521 4056 propterea
537 4004 586 4051 Be·
627 4013 653 4051 et
664 4003 782 4052 iuvidiam
795 4008 903 4048 moveat.
