2408 4200
412 276 616 325 censensu
642 275 714 325 ιιι.
738 275 760 323 ι.
782 259 813 322 8.

109 420 286 503 Temperat
301 437 360 483 om
373 418 508 481 fraenist

195 520 262 586 Gur
276 519 366 584 timet
381 517 504 582 flavum
517 516 667 582 'libcrim
684 518 842 598 tangeret
866 535 925 580 cur
939 515 1065 581 olivum

108 620 274 702 Sanguine
290 620 442 701 viperino
643 625 647 629 '

194 719 337 784 Cautius
352 718 459 781 vitati
482 736 587 799 neque
596 717 669 800 jam
685 716 790 781 livida
804 722 911 798 gestat
925 720 1026 782 armis
1117 721 1159 784 10

93 819 264 898 ,Brachis,
281 837 374 900 saepe
388 817 493 895 disco,

191 921 292 1002 Scope
309 926 399 984 trans
412 918 506 982 tinem
519 917 635 1001 jaculo
648 918 776 983 nobilis
788 919 974 1000 expeditol

54 1099 145 1156 sterria
155 1100 243 1163 iopotis
251 1102 386 1148 moderetur
396 1113 505 1161 equorum
519 1113 561 1145 oro
573 1095 737 1147 Gelliooram?
752 1113 825 1160 quare
835 1098 954 1157 formidat
969 1100 1103 1160 contingere
1116 1101 1158 1150 'li-

63 1163 137 1210 berim
148 1167 250 1214 luteum?
266 1179 339 1225 quere
349 1164 423 1211 oleum
438 1163 577 1223 diligentius
594 1161 671 1222 fugit,
687 1177 754 1222 mum
764 1164 852 1224 uiperea
863 1168 983 1211 moeret
999 1179 1040 1212 neo
1051 1165 1158 1225 deinceps

61 1224 186 1277 liventibus
196 1228 292 1277 lacertis
308 1241 375 1275 ormo
392 1230 481 1288 portet,
489 1225 630 1286 frequenter
647 1225 720 1288 diaco,
730 1226 870 1288 frequenter
880 1228 926 1275 tolo
936 1229 1000 1275 ultro
1010 1232 1095 1276 metum
1105 1243 1157 1290 pro·

523 1351 670 1374 ΙΙΙΙΙΙΙΙ
673 1352 701 1372 Μ

63 1449 163 1512 souitu,
179 1448 247 1512 qnod
264 1453 421 1511 receperunt
438 1440 526 1497 Benti
542 1447 647 1509 Bipont.
659 1446 762 1497 Waket.
773 1450 883 1500 Wetzel.
902 1450 1004 1499 alii—t
1020 1451 1113 1513 Vutgg.
1132 1457 1158 1500 et

64 1513 141 1563 llari.
166 1517 191 1560 8.
211 1517 236 1562 6.
259 1513 341 1562 etism
358 1513 477 1574 Temperet
485 1528 496 1569 ;
522 1511 610 1561 urso.
632 1512 763 1574 Temperat,
781 1514 847 1575 quod
867 1521 1021 1577 receperunt
1038 1514 1158 1562 iidem.-

65 1581 98 1624 lt)
114 1575 224 1626 becher.
237 1583 264 1624 et
276 1577 370 1625 Venet.
379 1581 451 1625 1491.
468 1575 567 1637 socium
579 1575 725 1625 tisim-ra
744 1576 852 1626 Harii.
870 1579 932 1626 Vet.
952 1578 1042 1627 Comb.
1061 1586 1088 1625 ot
1107 1578 1158 1625 Ve-

553 1703 659 1752 NOTAE

61 1813 171 1865 stadium
190 1817 270 1866 nobili
292 1816 347 1866 viro
364 1815 475 1866 maxime
494 1828 588 1866 conve·
630 1824 686 1865 rent
708 1817 797 1874 libelll‚
817 1832 881 1881 quos
903 1817 1025 1878 tenebst3
1049 1819 1155 1880 palude-

60 1890 129 1948 nire,
138 1891 230 1940 asserit
241 1892 318 1939 Plato
330 1893 356 1939 in
369 1891 492 1941 Lachete.
526 1891 588 1940 Plu·
629 1900 742 1941 mentum
764 1906 825 1940 vero
847 1892 974 1940 mordiens
995 1894 1106 1955 trahens,
1123 1909 1154 1943 ne

61 1961 168 2011 tarchus
186 1971 272 2012 autern
293 1961 385 2026 refert,
400 1964 471 2013 Jnlio
490 1966 587 2014 Caesari
628 1970 711 2033 spolio
720 1969 846 2032 potiretur
854 1968 941 2017 hostis.
963 1967 1068 2017 Sueton.
1086 1969 1156 2019 Hinc

62 2037 197 2101 equitandi
216 2053 289 2086 usum
307 2037 408 2087 facilem
420 2039 485 2088 adeo
498 2056 513 2088 ιι
525 2055 587 2104 pue·
628 2057 661 2091 ex
673 2043 763 2091 eodem
774 2043 883 2091 Sueten.
895 2041 1026 2104 Angustus
1046 2053 1155 2106 nepotes

62 2112 124 2160 sitia
135 2110 224 2172 fuisse,
235 2121 264 2160 ut
275 2111 377 2161 reflexis
388 2114 414 2161 iu
426 2119 526 2176 tergum
534 2130 587 2164 rna·
627 2118 716 2166 docuit
727 2125 828 2166 notare.
861 2118 895 2165 Et
905 2116 982 2164 Plato
993 2117 1026 2162 de
1040 2118 1102 2178 Leg.
1114 2117 1158 2166 lib.

62 2191 140 2240 nibus
150 2206 244 2255 equum
259 2205 334 2240 cursu
352 2192 512 2242 velocissimo
528 2208 588 2243 con·
627 2207 671 2243 ιιι.
685 2189 836 2255 probrosum
848 2193 896 2255 ait,
905 2192 926 2240 si
939 2191 995 2254 quis
1007 2199 1096 2240 nature
1108 2207 1158 2242 non

51 2263 166 2315 citaret.
262 2319 267 2325 ,
628 2269 771 2318 didicisset.

93 2345 110 2389 e
133 2341 226 2390 Gallico
242 2357 284 2392 aec
299 2343 389 2405 iupotia
407 2344 530 2406 Terapmt
545 2360 588 2394 ora
661 2343 762 2392 Fiooom
783 2342 897 2406 liberior]
919 2341 972 2391 Hic
987 2339 1078 2389 fluvius
1097 2340 1157 2389 olim

54 2413 154 2479 fresia]
173 2416 243 2466 Hinc
263 2418 373 2480 peritum
393 2419 526 2482 equitandi
546 2434 587 2468 os·
628 2417 723 2467 Albula
740 2418 834 2479 dictus,
853 2425 944 2478 postea
959 2415 1059 2464 'liberis
1071 2415 1157 2464 scTi·

61 2491 147 2540 tendit
168 2492 286 2554 Sybarin,
307 2493 350 2555 qui
372 2493 486 2542 Gallicos
509 2494 588 2542 ctiam
628 2494 731 2542 berinus
744 2502 847 2544 vocatus
858 2500 908 2559 est,
920 2492 953 2542 ab
962 2492 1038 2555 irnjus
1048 2492 1158 2541 nominis

60 2579 138 2629 equos
149 2564 254 2615 (lomere
265 2567 448 2615 consuevisset.
482 2567 589 2617 Names
630 2571 701 2630 Rege
716 2573 743 2619 in
755 2586 786 2620 eo
800 2571 940 2621 submerso.
969 2569 1078 2618 Eustotb
1099 2569 1158 2618 fta·

58 2641 84 2689 lii
97 2642 184 2691 Romae
200 2644 225 2690 in
242 2644 336 2705 pretio,
347 2651 374 2690 et
390 2640 492 2691 l'eroces
509 2641 588 2691 luisse
627 2648 693 2710 oum]
713 2649 755 2697 Sic
768 2648 927 2697 llineid.vrr.
937 2651 976 2695 ³1.
992 2647 1099 2695 ‘Multa
1110 2643 1155 2694 fle·

60 2716 238 2778 perhibentur,
259 2732 322 2781 qrios
347 2717 443 2780 lupatis
472 2717 588 2766 coerceri
629 2723 784 2772 rrisorens!

60 2805 126 2853 opus
137 2800 201 2841 erat.
228 2791 369 2855 Apuleius:
381 2792 520 2842 ‘Jumeuta
528 2792 587 2842 Gol-
660 2800 711 2848 eor
720 2799 807 2847 olivum
815 2798 936 2859 Sanguine
943 2797 1047 2858 siperiuo
1056 2795 1157 2843 Cautius

59 2867 153 2930 lictor,
170 2866 263 2932 quibos
282 2881 406 2930 generosa
417 2867 516 2916 soboles
527 2881 587 2930 per·
626 2874 700 2939 odoi]
714 2876 845 2923 curenno
858 2874 953 2921 lucram
965 2870 1155 2934 supramissis,

58 2940 134 2992 hibet
145 2957 296 3007 generosam
307 2940 479 3006 dignitatem!
627 2957 653 2999 et
663 2964 746 3012 angue
763 2949 836 3008 pejus
847 2948 918 3006 odit;
936 2946 1050 3009 adeoque
1067 2961 1095 2992 se
1111 2960 1156 2991 ne-

89 3016 201 3083 Lrspotis]
212 3019 311 3068 Fraenis
320 3019 494 3082 asperioribus
505 3020 587 3068 instar
628 3037 755 3087 quiequam
772 3031 902 3068 ceromate
914 3020 1050 3080 pertingtt3
1071 3024 1100 3062 ut
1116 3031 1156 3064 so.

55 3091 202 3152 lupinorum
213 3095 339 3141 dentium.
362 3093 430 3141 llaec
442 3093 521 3140 etiam
535 3093 587 3154 lupi
628 3098 683 3144 lent
703 3095 819 3147 astitere,
842 3106 894 3152 quo
912 3091 1028 3136 membra
1047 3087 1157 3138 reddent

59 3166 223 3214 dicebantur.
263 3167 343 3215 Orid.
362 3168 441 3215 Trist.
463 3180 503 3213 tv.
522 3173 547 3215 6.
563 3174 588 3216 t.
630 3177 684 3217 turn
697 3165 842 3214 robustiora
853 3177 911 3209 curu
922 3161 1031 3210 lubrice.

58 3240 67 3265 ‘
79 3239 114 3286 Et
125 3238 227 3300 placido
242 3238 319 3283 duros
330 3236 426 3297 accipit
438 3250 483 3284 ore
499 3238 590 3298 lupos!
662 3248 678 3290 9
689 3237 810 3299 Sanguine
819 3237 937 3299 oiperino]
947 3234 1020 3284 Quod
1031 3249 1156 3287 venenum

93 3318 108 3362 8
127 3315 176 3362 Cur
187 3312 353 3377 timtstooum
365 3311 470 3360 Tiberim
479 3314 589 3377 tongere]
631 3323 670 3363 est
682 3312 920 3378 praesentissimum,
929 3311 1025 3375 quippe
1035 3310 1160 3360 calidissi-

60 3392 115 3440 Cur
126 3403 154 3438 se
164 3389 196 3437 ad
208 3389 365 3439 nutritionem
376 3402 426 3437 nou
437 3394 552 3451 exercet,
560 3396 590 3438 ut
630 3405 707 3454 mum,
718 3388 826 3439 Alberto
837 3397 913 3438 teste.
975 3430 978 3434 .

59 3463 386 3514 ante?11aeeentmvstde
405 3464 486 3526 utilis,
496 3471 524 3512 et
535 3466 587 3528 pri·
661 3472 691 3514 10
714 3466 797 3528 Neque
812 3465 865 3523 jem
888 3464 962 3513 tioido
982 3468 1061 3523 gestat
1084 3465 1157 3512 omos

58 3539 118 3588 dem
138 3538 372 3587 commendabatur.
403 3541 446 3588 Sic
464 3540 587 3591 Horatius
626 3543 745 3606 Brociio]
764 3543 816 3591 Cur
828 3556 899 3590 orma
910 3555 961 3589 nou
974 3539 1084 3600 emplius
1097 3553 1157 3586 con·

57 3616 104 3664 ille
117 3614 208 3663 Cocles
229 3626 243 3661 e
257 3620 336 3674 ponte
356 3613 461 3662 sublicio
473 3616 499 3663 in
509 3617 586 3664 Tibe·
627 3626 750 3678 trectore,
762 3625 878 3679 portare,
888 3617 990 3665 vibrare
1003 3614 1087 3661 amat?
1097 3614 1156 3664 hinc

58 3691 107 3739 rim
119 3689 240 3738 desiliens
252 3686 284 3737 ad
297 3701 355 3736 suos
371 3696 485 3736 armatus
501 3697 586 3740 trana-
626 3708 676 3741 non
690 3695 746 3755 jam
764 3692 845 3738 livent
860 3692 914 3752 ojus
933 3689 1046 3749 brachie,
1058 3703 1103 3736 seu
1117 3698 1154 3738 at·

58 3767 105 3814 vit.
139 3767 183 3814 Sic
204 3764 289 3814 Julius
311 3764 399 3811 Cesar
421 3763 585 3815 Alexandrus
625 3769 690 3817 tritu
711 3780 839 3814 armorum
857 3773 884 3813 et
901 3762 1025 3827 pondere,
1041 3778 1085 3812 seu
1098 3765 1156 3816 icti-

59 3841 128 3888 circa
147 3840 234 3903 pontis
253 3838 478 3900 oppugnationem,
490 3853 546 3886 cum
559 3840 585 3888 in
625 3843 681 3890 biis.
715 3840 784 3887 Vide
795 3840 889 3901 vegei.
902 3840 946 3887 eit.
958 3852 977 3885 ι.
988 3842 1026 3885 11.

59 3929 128 3963 mare
138 3915 293 3976 desiluisset,
305 3913 390 3961 nando
404 3926 450 3974 per
462 3913 585 3964 ducentos
658 3921 687 3966 tl
701 3916 769 3976 Soepe
779 3914 851 3974 disco,
859 3912 925 3975 Saepe
938 3912 1091 3978 transfluens,
1100 3917 1154 3977 sse]

61 4005 150 4051 passus
169 3991 251 4040 erosit
271 3991 303 4038 ad
324 3988 469 4053 proximam
486 4003 586 4053 navem,
626 3992 729 4039 Robore
741 3987 1155 4041 brachiorumcontendebantseu

60 4064 128 4112 elata
138 4066 242 4129 quidem
254 4066 319 4116 iuva
330 4078 416 4125 manu,
425 4076 458 4111 ne
467 4063 586 4113 madefie·
627 4066 725 4115 discum
736 4078 782 4113 seu
789 4062 903 4125 jaculum
914 4062 1085 4128 projiciendo.
1102 4066 1156 4110 Du·
