2408 4200
50 270 115 337 244
478 285 679 336 axuunaua

48 426 147 476 luxuria
160 439 261 488 prorsus
272 423 399 474 diffluens.
436 427 523 487 Longe
539 424 655 473 diversus
671 430 712 473 eet
727 423 801 473 Paria
819 424 983 476 Homericus.
1015 425 1075 476 Non
1093 427 1138 476 lile

50 514 124 557 caret
137 508 244 566 virtute,
255 506 382 555 animmns
393 520 423 555 ac
435 504 509 554 fortia
520 513 561 555 est
572 505 660 554 multis
670 505 751 564 locls;
770 520 794 554 r.
806 519 829 554 c.
845 506 872 553 in
883 519 969 568 pugne
979 520 1037 555 cum
1049 506 1138 556 nene-

49 585 141 647 lao,1l.
151 588 241 634 1⁸:⁸28.
251 598 306 648 sqq.
317 599 392 649 qnam
401 584 506 632 lteroica
518 591 544 632 et
555 598 623 632 aene
633 583 726 631 mentis
736 583 812 646 plena
823 585 907 634 oratio
916 585 1042 648 precedit
1054 599 1090 635 ra.
1099 591 1140 636 00.

49 679 105 729 rqq.
116 664 234 711 vuluerat
245 661 407 721 Diomedem,
423 665 522 710 10008.
555 661 724 724 Eurypylum,
740 661 777 710 ib.
795 665 852 712 080.
870 664 981 728 loquitur
992 672 1020 714 et
1031 665 1095 727 agit,
1110 671 1140 714 ut

51 746 99 804 eir,
110 749 139 792 tl.
150 746 207 791 080.
235 741 412 789 Euclrcnorem
425 739 556 801 interlicit,
572 739 607 788 lb.
617 743 673 788 008.
706 739 757 788 Sed
773 746 813 789 est
829 741 905 790 simul
919 743 1036 805 pulcher,
1046 742 1141 792 formu·

50 836 101 883 sur,
112 823 223 886 elegans,
241 833 326 868 amore
344 817 464 878 effectur,
484 831 533 866 nec
551 824 602 865 tarn
619 831 704 880 caper,
716 833 792 882 quem
808 820 888 868 ceteri
900 820 1007 879 beroea,
1025 824 1067 884 qni
1081 836 1141 870 enm

50 902 148 950 idcirco
158 898 337 962 reponsorium,
348 897 454 958 ἄναλκιν,
469 897 600 956 wunsam
616 897 767 958 appellant:
785 898 844 962 qnia
861 898 1039 947 alienissimum
1053 900 1084 948 ab
1096 902 1140 948 lte·

51 981 126 1030 roicls
142 993 172 1027 ec
190 977 335 1026 Homericir
353 975 513 1038 temporibus
529 974 692 1039 moribueque
710 984 776 1039 erat,
792 976 900 1025 deliciae
911 977 937 1024 iu
947 990 1034 1025 amore
1046 977 1141 1039 iacere,

52 1065 97 1107 aut
108 1057 299 1120 exquisitiorem
311 1057 421 1119 aliquem
433 1051 554 1102 affectum
567 1053 711 1116 concipere.

85 1137 137 1188 Qni
151 1144 209 1198 poet
221 1136 362 1184 Homerum
378 1148 419 1182 ree
429 1133 552 1196 Trojauas
564 1139 707 1182 tractarunt
718 1134 819 1195 Polite,
830 1134 902 1197 lyrici
914 1135 1029 1197 inprimis
1047 1149 1076 1184 ac
1088 1144 1140 1183 tra·

53 1216 113 1278 gici,
124 1216 164 1263 vel
180 1215 262 1262 minus
279 1215 317 1262 vel
335 1214 416 1274 magia
435 1219 596 1261 recurrerunt
613 1212 646 1260 ab
659 1213 780 1265 Historia
797 1213 861 1273 fide;
880 1227 937 1261 nam
956 1227 1001 1275 pro
1013 1229 1058 1261 atto
1070 1216 1140 1277 quis·

53 1310 102 1360 que
115 1295 221 1343 coneilio
235 1293 387 1355 ingenioque
398 1291 561 1340 characteres
574 1291 726 1340 Homericos
737 1300 765 1340 et
776 1306 851 1341 omne
863 1292 951 1341 iliadis
962 1303 1140 1353 arqrrmentum

53 1382 187 1433 ornarunt,
204 1373 345 1431 variarunt,
364 1368 535 1418 inflexerunt:
553 1378 580 1418 et
596 1371 621 1417 in
636 1385 824 1434 quamcumque
839 1371 945 1420 formam
958 1371 1140 1421 diffluxerunt:

54 1452 121 1514 quod
138 1453 184 1508 illi,
196 1453 239 1514 qni
253 1450 414 1513 Heynianum
426 1448 571 1509 Virgilium,
588 1455 616 1494 nt
634 1462 680 1509 par
697 1456 746 1505 est,
761 1451 878 1510 edidicit,
893 1465 925 1499 ex
938 1452 1053 1500 Excursn
1070 1465 1089 1499 ι.
1109 1451 1141 1499 sd

55 1531 112 1580 lEn.
132 1544 162 1578 ιι.
182 1530 337 1578 notisaimnm
360 1542 415 1576 esse
436 1527 521 1575 debet.
564 1526 658 1589 ltaque
677 1528 710 1576 ab
732 1529 832 1577 illorum
856 1531 994 1579 Poetarum
1017 1532 1143 1579 nonnullis

54 1610 134 1656 multo
149 1609 242 1668 majore
263 1609 339 1654 etiam
362 1608 459 1654 virtute
479 1605 614 1667 insignitus
632 1605 710 1654 l‘rtisre
729 1607 803 1655 Paris
821 1609 938 1667 videtur;
960 1610 1030 1672 quod
1049 1612 1087 1657 vel
1109 1623 1143 1658 ex

54 1687 132 1735 Ouid.
145 1686 209 1734 Her.
221 1697 278 1732 xvi.
289 1692 354 1732 extr.
367 1686 429 1732 item
441 1699 474 1732 ex
486 1684 593 1746 Hygini,
610 1685 666 1748 (qui
679 1696 709 1732 etr
722 1687 852 1733 veteribus
871 1689 1014 1749 Tragoediis
1033 1689 1142 1750 piurima

52 1763 208 1827 decerpsit,)
227 1763 326 1811 Fabula
338 1776 395 1811 xer.
406 1770 433 1812 et
444 1775 579 1811 cccxxtrr.
597 1764 720 1826 colligas:
736 1765 778 1813 alii
791 1779 862 1823 vero,
878 1773 904 1812 et
917 1768 1007 1827 tragici
1020 1772 1047 1813 et
1059 1767 1142 1828 lyrici,

52 1847 89 1894 lta
109 1847 165 1908 ejne
185 1846 360 1891 citat-soterem
381 1841 556 1902 dillinxerunt,
576 1852 604 1891 nt
624 1844 785 1891 mollissimus
807 1845 935 1893 Asiaticam
954 1846 1029 1894 homo
1049 1848 1141 1896 exiret.

52 1927 119 1974 Sunt
138 1939 169 1972 ex
189 1923 282 1973 talibna
294 1922 418 1984 exemplis
430 1922 537 1983 plurima
549 1923 687 1971 l’oe'tarum
701 1923 849 1971 Latinorum
864 1926 922 1972 loca
936 1939 1059 1986 expressa
1076 1926 1142 1987 (vid.

54 2004 127 2066 virg·
140 2002 196 2050 AEn.
207 2015 247 2050 ιι.
259 2005 315 2050 21⁵.
332 2014 382 2048 xsr.
393 1998 455 2062 aa),
472 2008 499 2048 et
519 2000 587 2047 hand
607 2000 684 2048 dubie
702 2003 825 2051 Nostrum
840 2004 917 2051 etiam
930 2005 1049 2053 Carmen.
1083 2006 1142 2056 Quo

52 2084 186 2146 pertinent
202 2094 303 2144 quoquc
323 2087 448 2143 perpetua
459 2080 485 2127 in
498 2081 630 2128 universos
640 2081 774 2142 Trojanos,
785 2089 812 2129 nt
824 2084 911 2131 molles
923 2091 950 2131 et
962 2082 1142 2146 eiloeminatoe,

53 2162 171 2224 conjecta
183 2160 286 2222 probra,
303 2168 360 2208 orta
380 2174 435 2207 cum
455 2172 488 2207 ex
500 2158 569 2207 larua
587 2159 619 2206 dc
638 2174 727 2207 eorum
744 2163 884 2223 opulentia,
898 2170 950 2209 tum
962 2178 994 2209 ex
1012 2163 1141 2226 Phrygum

54 2256 111 2291 cnm
124 2241 171 2288 illia
182 2240 379 2302 permutatione,
390 2239 433 2302 qni
446 2239 507 2285 luxu
518 2246 545 2285 et
557 2237 663 2286 mollitie
674 2237 783 2286 infamer
793 2247 877 2300 eraut,
890 2240 956 2302 qnod
970 2240 1043 2302 primi
1055 2243 1079 2288 iu
1092 2243 1143 2290 Mi·

56 2335 118 2370 nore
130 2319 192 2368 Asia
203 2318 294 2381 opibus
306 2319 473 2367 excellerent.

89 2401 119 2448 ln
131 2401 257 2448 Helenam
273 2399 353 2446 multo
371 2399 448 2446 etiam
468 2397 616 2458 injustiores
632 2396 705 2444 lrodle
723 2407 791 2444 snnt.
823 2396 982 2458 impudicam
999 2399 1045 2445 slbi
1063 2400 1141 2457 illam,

55 2481 189 2540 impuram,
202 2479 381 2540 abjectamque
392 2492 422 2524 ac
434 2485 578 2538 protervam
591 2475 699 2538 lingunt,
718 2491 773 2538 qnae
786 2476 869 2523 animo
881 2477 930 2524 leri
944 2492 973 2524 ac
986 2478 1010 2524 in
1024 2481 1140 2528 maritum

56 2557 153 2619 perfido
164 2558 251 2603 statim
269 2558 385 2615 ultroque
402 2563 491 2601 secuta
502 2555 535 2601 ait
548 2554 669 2602 Paridem
682 2554 861 2602 abducturum.
895 2555 976 2602 Plane
988 2556 1036 2602 lroc
1050 2572 1142 2620 repug-

56 2643 99 2684 nat
111 2636 147 2682 illi
160 2635 213 2696 eJus
225 2633 377 2690 characteri,
389 2647 464 2696 quem
475 2647 507 2680 es
521 2634 630 2695 antiquis
642 2632 810 2694 scriptoribus
821 2633 893 2680 nobie
905 2631 1001 2694 lingere
1012 2636 1141 2684 debemus.

56 2715 97 2763 lbi
110 2714 176 2762 enim
184 2727 238 2760 earn
248 2714 408 2774 agnoscimus
419 2713 614 2773 ptrlclrerrimam
624 2727 673 2759 non
686 2714 775 2767 solum,
783 2712 826 2759 aed
837 2713 1141 2772 ethonestanr,verecurr·

56 2795 124 2853 dam,
140 2809 169 2841 ac
186 2794 277 2840 nobilis
289 2792 363 2840 animi
375 2789 514 2850 foeminam,
525 2807 581 2853 qnae
594 2794 739 2840 Menelaum
751 2799 900 2840 constanter
910 2803 1017 2852 amaret,
1029 2809 1085 2857 quae
1098 2795 1142 2842 din

57 2876 184 2920 reluctata
196 2872 301 2919 cederet
318 2869 420 2918 tandem
432 2867 537 2916 formosi
551 2870 688 2932 blandique
709 2870 810 2918 Paridis
827 2872 962 2924 illecebris.
975 2875 1102 2935 invitoque
1116 2883 1143 2922 et

57 2951 165 2999 attonito
179 2950 270 3011 potine,
287 2964 360 3011 qnam
373 2950 433 2996 laeto
446 2947 538 3003 animo,
549 2948 581 2994 nb
595 2963 625 2995 co
637 2947 817 2996 abduceretur.
852 2948 893 2996 cf.
906 2950 982 2996 Ovid.
995 2951 1058 2996 Her.
1073 2965 1141 2998 nvn.

58 3032 126 3079 Hinc
140 3029 255 3091 plurime
267 3030 317 3076 illae
330 3030 459 3091 lacrymae,
473 3028 531 3075 hinc
547 3028 589 3074 illa
603 3027 763 3089 penitentia,
775 3026 817 3072 ille
831 3026 922 3087 pudor,
933 3027 995 3073 illnd
1008 3029 1141 3090 insupera-

58 3112 107 3158 bile
121 3110 212 3172 prioris
224 3111 270 3157 viri
284 3109 445 3164 desiderium,
457 3108 523 3171 qnod
536 3109 561 3155 in
574 3108 673 3156 Helena
687 3107 823 3155 Homerica
835 3116 861 3155 et
873 3107 1011 3169 Euripiden
1024 3108 1143 3157 observa-

58 3200 114 3236 tur:
129 3189 179 3236 vid.
193 3189 298 3236 Homer.
312 3188 344 3236 ll.
356 3195 379 3236 Γ.
393 3193 448 3237 140.
460 3194 515 3236 172.
526 3196 553 3235 et
565 3187 656 3236 nobilis
669 3189 738 3235 locue
751 3188 801 3235 vid.
815 3192 870 3236 ³99.
884 3203 940 3250 aqq.
954 3189 1014 3235 item
1027 3189 1142 3251 Euripid.

56 3267 150 3315 Trond.
161 3273 217 3314 910.
230 3283 282 3329 sqq.
311 3268 384 3314 ldem
396 3269 530 3330 Euripides
544 3269 650 3316 Helenae
662 3269 833 3315 innocentiam
843 3267 949 3321 Fabula,
959 3283 1015 3330 qnae
1029 3269 1084 3327 cjns
1098 3283 1142 3315 no·

58 3361 115 3393 nrcn
129 3344 244 3406 prefert,
261 3346 443 3403 declaraturus,
461 3353 515 3392 toto
532 3345 632 3405 quidem
646 3348 709 3392 eoelo
720 3346 751 3392 ab
765 3346 901 3391 Homerica
913 3347 1056 3393 narratione
1069 3347 1142 3393 aber·

59 3433 107 3484 rut,
124 3422 167 3470 sed
188 3431 272 3467 tamen
291 3436 339 3467 non
361 3414 484 3482 potuisset
504 3424 540 3468 sic
561 3435 615 3468 eam
633 3421 787 3479 describere,
804 3422 849 3467 ulai
869 3423 1030 3471 verecundia.²
1043 3426 1142 3471 nominc

57 3513 118 3550 nota
139 3500 237 3547 sitisset.
273 3501 362 3558 Neque
382 3501 423 3545 alii
446 3501 534 3546 Pomae
557 3502 633 3548 talem
655 3502 711 3560 ejus
731 3501 944 3561 vituperationem
963 3503 1067 3562 liabent,
1084 3506 1142 3563 nisi,

58 3582 124 3644 qnotl
145 3593 245 3626 castrum
266 3577 369 3624 fatalem
389 3578 467 3624 luisse
482 3578 569 3624 dicunt
582 3592 676 3625 eversae
689 3578 782 3637 Trojae.
816 3579 845 3625 ln
858 3580 913 3640 ipso
926 3590 1011 3627 nostro
1024 3583 1142 3628 Carmine

60 3662 119 3707 nilril
133 3674 189 3706 cnm
202 3657 297 3704 inuidia
310 3664 353 3704 unt
366 3665 496 3704 contemtu
509 3657 629 3705 adversus
641 3658 709 3705 illam
722 3658 818 3705 dictum
831 3661 953 3720 reperias.
984 3661 1107 3719 Denique,
1120 3660 1139 3703 si

63 3740 121 3798 quid
141 3741 165 3786 in
183 3753 210 3786 se
227 3738 329 3785 udnriait
347 3738 412 3796 uitii,
432 3737 491 3784 illud
507 3751 580 3786 omne
600 3737 631 3784 ad
644 3738 792 3785 muliebrem
810 3738 1011 3785 imbecillitatem
1030 3737 1140 3784 releren-

60 3817 192 3866 duruerit.
