2408 4200
390 267 594 315 cunuruuu
618 267 690 314 ure.
715 267 770 314 ιιι.
791 254 824 315 4.
1080 252 1146 317 393

271 408 407 471 Referre
421 423 590 469 sermones
606 404 766 482 Deorum,
781 413 816 468 et

312 507 440 588 Magne
455 506 567 568 modis
582 511 719 570 tenuere
735 508 859 589 parvis.

53 663 117 709 ntur,
131 652 201 709 utque
212 646 294 694 berulli
304 647 405 695 carmine
415 646 545 695 diminuere
553 648 664 707 grundio.

508 770 644 790 Omomd
647 771 677 790 Ν
680 768 693 786 0

54 854 144 904 doner.
156 853 222 900 Sirr.
233 852 304 911 leni,
320 851 425 914 Bipont.
439 853 545 901 Mitrelr.
558 852 648 901 Comb.
660 853 771 902 wetzel.
784 859 811 903 et
822 851 989 903 natet-rr
1009 855 1108 919 copule
1119 863 1142 905 et

56 917 132 965 ebert
142 931 158 965 ι
168 917 239 981 Lipe.
250 920 274 965 ³.
284 920 308 965 t.
319 916 395 965 Dese.
408 920 432 964 2.
445 924 474 965 et
486 931 535 965 uno
547 917 709 965 Beremunni.

547 1059 655 1110 nonu
670 1022 673 1031 ’

58 1180 107 1228 qne
122 1180 213 1228 graves
230 1166 285 1229 lyra
297 1168 411 1229 graviter
422 1168 580 1219 cecinerunt.
621 1184 678 1218 eum
692 1171 760 1218 ultra
772 1169 814 1217 vir
826 1168 882 1217 eine
891 1166 1031 1218 offensione
1044 1168 1144 1235 Augur·

55 1243 151 1292 Verunr
173 1242 239 1290 belle
258 1242 381 1292 Horatius
402 1250 456 1292 turn
474 1244 579 1306 desinit,
621 1244 642 1294 ti
656 1244 777 1309 progredi
788 1258 815 1292 re
826 1258 903 1306 poree
915 1243 1084 1307 intelligeret.

495 1475 592 1565 oon
628 1500 693 1565 ιν.

57 1675 206 1740 Composito
215 1678 283 1727 civili
293 1678 359 1728 bello
375 1679 508 1741 Augustus
519 1678 639 1727 cohorter
650 1693 709 1727 rum
722 1692 768 1742 per
780 1679 892 1729 colonien
900 1680 954 1742 jem
966 1679 1144 1732 distribueret,

80 1763 165 1820 ¹utque
178 1758 232 1808 otio
243 1769 269 1807 et
288 1759 368 1807 Musis
387 1773 442 1807 sere
454 1758 571 1808 dederet.
607 1758 732 1807 Ostendit
750 1760 828 1822 igitur
846 1759 969 1808 Horatius
984 1768 1035 1807 tem
1055 1758 1145 1808 leniet

88 1836 189 1886 Murice
200 1838 372 1901 ingeniouibil
385 1851 400 1884 n
413 1839 583 1885 tumultuante
596 1837 671 1899 plebe
684 1839 862 1899 metuendum3
879 1846 956 1902 atque
967 1837 1015 1885 boc
1026 1838 1145 1898 exemplo

88 1931 132 1966 ruo
143 1918 237 1980 firmet,
250 1920 293 1981 qni
305 1918 412 1966 eandem
424 1916 457 1963 ob
468 1930 570 1963 cerream
585 1916 626 1962 rel
638 1915 671 1962 nb
683 1916 742 1976 ipeie
753 1917 914 1965 inerrnabulie
926 1918 952 1965 in
968 1919 1083 1965 Deorum
1099 1916 1145 1963 irn-

87 1999 232 2046 mortalium
245 1997 328 2044 tutele
339 1994 432 2042 fueret.
465 2000 472 2020 ¹
483 1993 588 2054 Peragit
600 1993 739 2056 tranquilla
751 2003 873 2056 potestur,
890 1996 965 2048 Quod
977 1997 1090 2045 violenta
1101 2008 1146 2043 ne·

88 2076 160 2136 quit!
193 2074 352 2136 (Dignunme
372 2070 490 2126 Horatio,
501 2079 546 2118 eut
557 2084 619 2118 reno
638 2070 722 2119 Poeta
739 2072 798 2133 alio,
814 2074 991 2134 enthymema:
1009 2074 1074 2123 Mtlri
1087 2086 1146 2121 curn

90 2151 174 2199 infans
183 2165 275 2212 errem,
287 2157 461 2213 pepercerunt
473 2148 569 2212 viperee
578 2154 606 2197 et
617 2149 687 2209 urei3
703 2163 764 2212 ergo
772 2151 827 2213 tibi,
834 2152 932 2211 Caeser,
942 2154 1012 2201 cive·
1021 2154 1057 2201 tui
1067 2169 1073 2202 :
1086 2153 1146 2216 quie

90 2233 286 2295 utriqnerumne
298 2231 323 2278 iu
337 2230 418 2279 tutele
429 2228 579 2276 Musarum?
599 2225 687 2290 Genu.)
719 2227 920 2291 (Argumentum
932 2230 1146 2293 rimplicbrirnum

89 2312 191 2361 videtur
209 2325 267 2360 erre
289 2311 352 2360 lroc:
370 2309 494 2358 luvocata
514 2306 640 2370 Calliope,
657 2304 732 2368 fingit
749 2307 843 2370 tejam
860 2306 927 2355 illam
949 2308 1041 2356 audire
1053 2323 1146 2359 canen·

88 2399 148 2440 tem.
182 2392 230 2440 Illo
241 2391 320 2453 igitur
330 2391 414 2438 Muene
424 2387 546 2451 obsequio
557 2386 687 2436 excitatur
696 2387 818 2449 orlendit,
828 2386 945 2449 Poetarn,
958 2388 1002 2449 qui
1013 2388 1047 2435 nit
1064 2388 1145 2435 Muris

88 2473 194 2528 amicus,
208 2472 215 2498 ‘
228 2469 329 2519 tntum'
344 2483 411 2518 esre.
445 2468 514 2516 Hine
526 2480 584 2515 rese
597 2466 653 2529 jem
663 2466 722 2515 olim
741 2481 847 2530 puerum
859 2466 942 2514 adlrue
954 2473 1069 2514 tenerum
1082 2481 1097 2514 ιι
1110 2466 1146 2513 νὶ-

89 2551 197 2610 periret
214 2550 280 2599 ureie
297 2565 351 2598 erre
367 2549 520 2607 liberetum3
538 2560 566 2594 re
585 2546 672 2608 regeri
683 2546 834 2595 ineolumem
844 2560 892 2609 per
913 2546 968 2594 loen
980 2558 1146 2610 quecumque

88 2628 135 2677 nbi
148 2629 282 2690 placeam
300 2645 327 2677 se
339 2631 435 2677 enlvnrn
447 2642 480 2676 ex
492 2627 548 2675 acie
565 2626 685 2687 rediisse3
703 2625 735 2674 ub
746 2625 838 2675 arbore
849 2639 899 2673 non
917 2638 974 2674 erre
985 2623 1145 2674 extinctnml

87 2709 113 2755 in
125 2707 188 2754 meri
205 2721 255 2754 non
272 2708 389 2769 periisse.
425 2709 494 2770 Ergo
511 2714 583 2755 tento
602 2707 720 2768 presidio
738 2705 843 2763 fretum,
860 2720 888 2754 se
908 2719 957 2753 non
975 2704 1094 2753 dubitare
1106 2705 1147 2752 vel

87 2786 304 2850 periculosissime
317 2787 387 2834 edire
398 2789 463 2834 lore.
498 2786 584 2849 Atque
597 2786 678 2847 iprurn
690 2786 842 2849 Augustum,
858 2785 930 2832 finito
942 2784 1020 2845 bello,
1036 2783 1148 2833 recreari

87 2866 177 2920 Musis,
189 2862 279 2927 quibua
291 2871 363 2924 gruta
373 2864 423 2911 sint
432 2863 517 2910 studia
530 2864 616 2924 pecie:
635 2872 724 2912 eontra
734 2865 848 2912 lrornines
860 2866 982 2911 immunes
994 2871 1021 2911 et
1030 2861 1145 2921 ἀμούσους

88 2945 175 2993 furore
188 2957 233 2991 eno
245 2943 340 3004 perire,
351 2943 431 2990 veluti
445 2943 560 3004 Titanes,
569 2942 672 3004 Gygen,
686 2942 936 3003 Orionem,Tityum,
948 2951 976 2990 et
989 2943 1148 2990 Perithoum.

86 3025 176 3088 Zeten.)

227 3138 377 3202 Dnsouu
387 3152 434 3199 on
451 3135 549 3211 coelo,
562 3142 597 3199 et
611 3135 665 3198 dic
681 3153 743 3214 age
759 3135 841 3197 tibia

88 3285 111 3331 0
121 3285 227 3346 princepe
240 3284 353 3345 Calliope,
364 3284 456 3332 vendex
468 3283 585 3344 Olympo,·
601 3287 625 3330 et
642 3281 774 3330 contionem
792 3280 920 3342 longiorem
930 3279 1084 3342 cuneflrtulrn
1094 3279 1144 3328 rive

86 3492 145 3541 Ode
157 3491 257 3539 decimu
268 3497 357 3539 octavu
369 3493 439 3539 Libri
451 3491 532 3553 qrrinti
544 3492 568 3538 in
580 3491 628 3539 Ed.
641 3490 734 3538 Saned.
760 3488 913 3538 inscribitur
925 3487 950 3534 in
961 3488 1056 3536 Venet.
1070 3492 1142 3537 1492.

54 3565 80 3603 et
93 3557 200 3605 bochor.
212 3556 290 3602 Murio
301 3556 405 3602 deditum
417 3556 516 3602 Poe'tum
526 3556 626 3602 ostendit
637 3572 645 3610 ;
663 3557 687 3602 in
701 3555 809 3602 Arcens.
821 3553 900 3600 rrum
912 3554 1013 3600 deditum
1029 3567 1054 3598 se
1071 3553 1144 3600 Po'e‘tn

53 3623 210 3668 ostendite-1
230 3620 329 3668 Aberat
345 3624 369 3666 et
388 3633 403 3666 e
422 3627 474 3665 vet.
494 3618 551 3666 eod.
572 3619 680 3681 Coning.
696 3619 783 3682 iraque
799 3619 819 3666 ie
839 3617 926 3679 ejecit,
940 3619 1037 3665 secutis
1048 3616 1143 3664 Sannd.

546 3743 654 3794 NOTAE

86 3839 198 3886 Metrum
209 3839 276 3887 idem
289 3839 355 3901 quod
369 3854 447 3901 snpra
458 3853 476 3887 ι.
489 3838 541 3887 Od.
552 3843 577 3887 9.
616 3840 705 3898 uullie3
725 3839 770 3887 red
784 3851 926 3900 perperam.
955 3835 1036 3882 Muris
1049 3847 1142 3894 accep.

86 3912 162 3960 0den
186 3913 249 3960 buno
273 3914 340 3962 iuter
362 3917 468 3962 eximiae
488 3921 577 3962 censet
617 3922 645 3961 te
657 3913 739 3962 refert
756 3913 879 3961 Horatius
898 3911 1029 3971 pleraque,
1042 3907 1067 3953 id
1080 3921 1141 3956 rero

53 3988 169 4037 eruditur
186 3985 305 4048 quisque:
328 3990 484 4050 respondere
501 4003 577 4050 supe·
617 3989 786 4050 potissimum,
796 3986 864 4047 qnod
878 3983 984 4029 redierit
996 3984 1021 4029 in
1032 3984 1141 4043 gretiam

53 4061 576 4125 riori,imrnoetcontinueri‚plncuitnon·
617 4077 674 4111 curn
693 4061 1003 4121 Augusto‚coutrequem
1015 4057 1141 4108 militare·
