2408 4200
47 256 110 321 132
404 273 438 330 o.
464 267 624 318 nourrii
650 267 782 317 rntocr

171 414 193 474 J
196 421 288 475 actes
305 418 337 472 et
351 431 452 493 genus
467 420 498 475 et
513 429 629 473 nomen
646 409 762 472 inutile
775 429 784 487 3

175 513 234 576 Nil
251 514 350 593 pictis
368 512 500 574 timidus
519 511 630 573 navita
646 509 817 589 puppibus

220 612 248 673 F
250 612 326 674 idit:
350 618 394 686 iu,
409 613 474 675 nisi
490 612 598 672 ventis

263 714 374 774 Debes
389 711 575 783 ludibrium,
592 729 688 772 cave.

177 814 297 895 Nuper
312 812 473 874 solicitum
489 830 563 892 quae
579 809 658 872 mihi
674 808 822 882 taedium,

178 915 277 977 Nunc
292 912 494 975 desiderium
509 930 657 992 curaque
673 928 740 971 non
757 909 854 981 levis,

223 1013 391 1075 interfusa
407 1014 546 1074 nitentes

264 1114 360 1176 Vites
376 1131 509 1193 aequora
525 1110 699 1193 Cycladas.
1098 1108 1140 1170 20

51 1287 291 1343 ostenter,ounomqse
300 1279 400 1338 somam.
436 1278 518 1325 Naum
537 1279 684 1326 meticulosus
695 1279 757 1325 lroud
776 1276 872 1340 confidit
883 1276 953 1336 picto
971 1275 1052 1336 puppi.
1089 1272 1142 1318 Tibi

50 1347 221 1406 promicante
236 1343 312 1392 oeulis
322 1343 433 1401 iijoram
444 1355 467 1388 eo
478 1342 606 1388 uestinum.
641 1342 676 1388 lio
690 1357 741 1403 puoe
752 1343 810 1388 milri
826 1355 898 1400 nuper
913 1340 1032 1387 molestum
1049 1336 1142 1382 creabas

52 1408 213 1469 tedium‚jnm
230 1423 284 1455 nero
295 1405 434 1453 desiderium
444 1419 471 1450 oo
480 1404 653 1452 solicitudinem
665 1406 727 1452 hund
739 1404 929 1462 modioom‚snge
940 1403 1014 1449 morin
1027 1400 1141 1460 Cyclados

52 1473 176 1520 emicantes
188 1471 359 1532 interfluentia.

52 1650 77 1692 2.
90 1643 252 1709 improbante
271 1644 340 1692 Jani.
367 1645 428 1691 molo
445 1658 509 1691 noeis
529 1657 595 1690 unus
613 1643 764 1691 Bersmotmi
782 1651 809 1690 et
826 1643 1000 1689 nesae-1³
1017 1641 1100 1710 ductes
1118 1643 1143 1683 tri

50 1709 144 1767 generis
155 1722 235 1754 nautea
246 1707 329 1758 inutile
341 1707 412 1767 Lips.
423 1711 512 1755 4.-14
528 1706 605 1754 Galei
617 1706 701 1753 codex
712 1707 784 1754 bona.»
796 1714 864 1752 notre
876 1720 915 1765 ap.
937 1704 1021 1749 lientl.
1039 1704 1142 1746 tumulus

52 1787 75 1817 rr.
86 1786 110 1831 p.
123 1771 188 1818 Fidit
197 1785 206 1825 ,¹
232 1770 362 1829 Scaligero
376 1771 481 1832 placuit,
499 1770 637 1818 tumidiore.
653 1785 678 1830 p·
697 1770 778 1817 ruat.
813 1767 971 1829 Virquidaru
992 1765 1083 1811 doetus
1100 1778 1142 1823 ap.

52 1833 142 1881 Jones.
155 1833 220 1907 conj.
238 1835 320 1880 nonita
331 1832 548 1895 apertum-ro
566 1833 652 1907 Debeo,
659 1833 797 1931 Ludibrium
811 1847 864 1902 curre
883 1827 1143 1950 viscisiiqdniiiiis

51 1896 656 2021 iu‘ltttulf”·lu‘1bittit.'‘⁰'‘
693 1900 723 1943 ¹⁹
742 1897 799 1944 ”¹¹⁰
820 1897 888 1956 ΜΨ·
932 1907 957 1939 ⁸⁰
1009 1927 1015 1939 '
1135 1924 1141 1935 ’

88 2189 117 2231 lt
138 2186 181 2231 Nil
191 2185 260 2244 pictis
271 2186 367 2232 timidus
378 2186 459 2233 metra
468 2183 581 2245 puppibus
622 2198 707 2231 versus
721 2183 863 2244 Augustum
877 2181 935 2229 belli
949 2180 1030 2228 aleam
1043 2178 1143 2240 experi-

56 2262 136 2323 Fidit]
156 2262 194 2309 Ne
211 2262 341 2323 splendori
355 2263 391 2309 tui
403 2261 509 2309 nominis
521 2260 580 2318 lide,
620 2267 699 2304 retur.
734 2257 779 2303 Ait
801 2269 877 2315 ergo:
904 2255 927 2301 Ο
950 2254 1050 2314 publiea
1068 2255 1146 2311 saliis,

56 2353 72 2384 o
96 2337 251 2397 Respublica
279 2337 401 2394 Romana,
422 2336 462 2382 vel
489 2333 579 2393 origini
621 2331 792 2393 qiraetaedium
811 2331 870 2377 milri
888 2337 950 2376 tuno
968 2329 1144 2389 praebuistiob

56 2413 204 2473 praectarae:
218 2425 301 2472 nequo
312 2418 348 2463 tu,
358 2411 449 2467 Brute,
459 2416 500 2454 aut
510 2410 580 2464 inge·
620 2404 813 2451 diuturnitatem
833 2403 1015 2449 discordiarum
1033 2417 1062 2447 ae
1080 2402 1145 2447 mili·

55 2487 115 2530 nitae
129 2485 264 2542 nobilitati,
276 2491 319 2530 aut
332 2483 441 2543 propriae
450 2480 578 2527 existima·
620 2481 662 2526 tire
671 2481 945 2539 laburos‚riuucatitenr
957 2478 1143 2525 solicitudinem

55 2559 127 2605 tioni.
160 2558 224 2603 Sunt
237 2557 302 2602 euim
314 2557 370 2601 lraeo
384 2569 448 2600 rana
459 2552 579 2613 presidia
619 2563 646 2602 et
659 2569 744 2601 curam
757 2564 861 2616 prestas
874 2554 906 2600 ob
919 2569 996 2601 noros
1015 2555 1147 2607 tumultus,

56 2646 86 2678 ac
98 2630 266 2676 firmamenta.
620 2645 665 2676 cur
685 2630 789 2676 evidens
808 2630 957 2692 periculum,
975 2632 1087 2691 talesque
1101 2643 1144 2675 au·

89 2704 195 2750 Timidus
211 2700 304 2761 annun]
327 2701 366 2747 Ne
380 2715 436 2748 cum
449 2702 579 2764 Scaligeru
621 2704 896 2764 gustiasspouteatlioi
931 2705 1144 2751 Veladllrutum

56 2787 132 2839 putes
152 2776 289 2838 legendum
307 2775 417 2821 ruminus.
453 2777 578 2822 Esteuim
622 2781 1144 2841 loquitur:OBrute,quisolirituurruo

55 2854 151 2899 timidus
165 2852 295 2912 epitheton
314 2851 397 2896 nautis
410 2864 509 2909 semper
521 2865 580 2897 con·
622 2853 729 2900 habuisti
742 2855 773 2900 de
786 2862 879 2901 eventu
893 2855 962 2911 belli,
975 2855 1021 2899 sub
1035 2856 1083 2899 tuis
1095 2856 1144 2913 sig-

56 2928 169 2986 venieus,
189 2935 215 2973 et
235 2927 276 2973 bio
295 2926 413 2973 maxime.
453 2927 495 2973 Sic
514 2927 579 2972 euim
622 2928 659 2972 nio
680 2937 831 2982 merentem,
856 2943 922 2974 nune
950 2937 1033 2972 utitem
1058 2927 1094 2971 tui
1115 2941 1144 2971 ac

56 2999 300 3062 significaturuautn
313 3000 453 3061 prudenter
464 3009 580 3048 metuens
622 2999 757 3060 libertatis,
776 3016 850 3062 quiam
874 3001 994 3051 vindicas,
1015 3000 1144 3046 desiderio

57 3076 142 3122 omnia
159 3074 407 3133 ubinlidornari,ob
426 3075 582 3122 instabilibus
623 3075 730 3134 crucias,
749 3090 806 3122 curu
831 3075 962 3137 praecisam
980 3076 1068 3121 salutis
1093 3084 1144 3122 tuae

58 3151 149 3205 ventis,
176 3166 190 3197 a
213 3150 354 3212 repentinis
378 3151 582 3212 tempestatibus,
623 3164 693 3212 spem
705 3151 788 3198 auimo
804 3151 857 3211 jam
875 3149 1033 3211 concipiam3
1052 3150 1072 3195 si
1085 3151 1144 3197 milii

58 3239 113 3270 cum
128 3226 271 3285 prasertim
285 3226 384 3271 rebitur
399 3227 456 3272 uari
472 3227 525 3286 jam
538 3225 580 3272 de·
623 3226 716 3284 eredis,
734 3241 766 3273 ne
788 3226 895 3287 Augusti
919 3235 1003 3286 partes
1026 3224 1145 3273 t'ortiores

58 3297 165 3346 bilitata.
624 3302 719 3350 lacesse
730 3319 737 3360 ;
749 3316 815 3364 pone
826 3316 974 3359 armanore
984 3308 1033 3347 tum
1046 3305 1147 3363 pericu-

92 3378 119 3419 15
140 3372 197 3417 ll'isi
217 3374 292 3416 erutis
312 3372 388 3418 Debes
406 3375 581 3434 tentoriorum
624 3378 683 3423 losae
707 3379 792 3436 plenos
816 3379 877 3421 aleae
900 3376 999 3421 labores
1020 3379 1144 3425 incassum

58 3449 125 3495 bello
133 3447 228 3504 desino,
240 3447 336 3505 uisiris
345 3446 453 3492 fortunio
458 3450 581 3506 jocantis,
623 3451 677 3496 subi
690 3467 695 3494 ι
715 3452 789 3494 immo
802 3449 968 3496 concilianda
983 3453 1053 3511 pacis
1066 3455 1144 3500 cousi·

60 3531 103 3569 aut
123 3522 213 3567 blattis
232 3520 379 3569 eommunis,
399 3521 531 3564 autetiam
545 3520 581 3564 fa·
623 3521 655 3565 lia
675 3527 701 3565 et
720 3520 830 3566 rationes
852 3521 894 3567 lui.
930 3523 1142 3573 Vitlerr.0d.i.

59 3606 141 3643 terum
156 3595 291 3641 ludibrium
304 3607 368 3639 esse.
623 3600 647 3638 et
663 3608 691 3640 rr.
705 3595 786 3654 Epist.
801 3599 824 3642 2.

92 3678 120 3719 17
135 3670 338 3731 ,lt'uporsolieitum
350 3682 400 3726 ‹proe
411 3666 581 3721 mibitoedium,
653 3674 684 3716 20
704 3670 828 3730 Cyclados]
858 3671 949 3718 Insulae
969 3674 1142 3719 suuteirciter

57 3748 110 3807 ira]
126 3749 280 3795 blilitauerat
293 3745 413 3791 Horatius
431 3744 476 3790 sub
495 3743 582 3789 Cassio
623 3745 817 3805 quirruuaginta,
829 3746 852 3791 in
867 3745 953 3806 AEgiuo
966 3749 1027 3793 muri
1041 3750 1064 3791 iu
1077 3748 1143 3805 rycli

58 3831 84 3865 et
97 3822 193 3876 lirutu;
214 3820 520 3881 posteatamenmrgusto
531 3819 581 3864 ric·
624 3832 703 3877 prope
724 3816 828 3864 lormmu
848 3821 993 3881 disposite:
1012 3833 1067 3879 quae
1089 3822 1144 3879 qui·

61 3895 109 3935 tori
129 3896 279 3940 conciliatus
302 3896 400 3940 veniam
419 3894 580 3940 obtinuerat:
623 3894 678 3938 dem
692 3894 724 3939 ob
738 3893 884 3955 trequentes
895 3895 1017 3954 scopulos,
1028 3900 1055 3937 et
1067 3897 1143 3941 maris

59 3964 114 4009 liaeo
127 3976 211 4012 autern
222 3970 352 4029 scripsisse
363 3968 446 4014 sortiri
459 3970 582 4029 postem-
623 3970 763 4029 pergustus,
785 3971 848 4015 adiri
872 3978 914 4015 aut
932 3969 1142 4029 cireuruuariguri

61 4039 123 4085 siuru
136 4052 237 4095 casum,
248 4053 274 4090 et
287 4052 422 4104 autequam
432 4045 526 4093 Brutus
539 4043 580 4090 ad·
623 4046 664 4090 rix
676 4047 740 4092 citra
753 4047 891 4105 perieulum
904 4052 1018 4104 possunt.
