2408 4200
411 296 444 359 Q.
466 295 626 349 nostru
652 294 804 347 renent·

221 442 273 525 (N
275 461 314 505 ec
330 442 455 524 loquax
471 438 550 503 olim
566 458 672 522 neque
687 445 794 520 mota,
808 459 893 504 nnnc
908 448 943 503 et
1127 442 1151 504 5

224 542 374 606 Divitum
390 542 514 605 mensis
528 547 562 605 et
576 541 686 604 emico
702 538 856 622 templis)

222 640 287 705 Dic
303 641 435 719 modos,
451 641 544 724 Lyde
560 641 680 722 quibus
695 641 883 705 obstinatos

483 739 643 824 Applicet
658 760 771 805 eures:

225 841 324 919 Quae,
340 845 431 906 velut
446 843 522 905 latis
537 862 624 923 equs
640 845 737 906 trima
752 842 892 923 campis,

224 941 327 1006 Ludit
342 941 492 1016 exultirn,
505 941 693 1022 metuitque
709 940 812 1023 tangi,

1106 940 1150 1003 10

52 1106 146 1155 clrordir
162 1108 263 1169 emonis
281 1121 390 1155 renuere
404 1107 498 1180 perito?
515 1120 586 1167 neque
602 1119 689 1180 casoro
706 1106 799 1168 pridem
815 1119 887 1167 nequ
902 1103 1018 1180 inundo?
1028 1105 1081 1162 jorn
1095 1119 1151 1180 σαν

47 1169 178 1228 facilioris
190 1175 239 1218 tm
250 1173 408 1233 opulentorum
418 1184 513 1229 mm,
523 1175 573 1217 ιιννι
582 1170 652 1228 sonu
662 1170 766 1218 Deorum
772 1184 782 1227 ,·
797 1183 903 1217 sunem
914 1171 964 1223 ede,
974 1168 1058 1231 postes
1071 1183 1153 1242 pem·

53 1247 118 1282 ccccc
127 1235 244 1283 scrinios
254 1237 375 1283 monost
386 1234 469 1297 lpde:
485 1247 538 1296 qm
548 1233 609 1282 sieut
619 1247 677 1295 equo
688 1234 762 1282 ntum
771 1247 884 1281 msomm
894 1232 985 1282 exultet
994 1239 1017 1279 et
1028 1234 1089 1281 ledit
1104 1247 1151 1294 per

514 1358 690 1379 ‘Nm

56 1442 150 1491 Sesisd.
169 1444 238 1500 deni,
258 1451 286 1492 et
303 1443 457 1492 niliacis-tl
473 1442 588 1491 ‘Dircen
607 1442 675 1504 conj.
693 1441 764 1501 letis,
776 1446 804 1489 et
815 1440 916 1503 recepit
932 1441 996 1490 Sivr.
1009 1441 1068 1504 qnis
1079 1441 1152 1490 Ans-

57 1520 146 1564 creon,
162 1510 235 1567 cnjus
255 1509 339 1555 locum
359 1507 487 1567 expressit
507 1506 639 1563 Horstins,
657 1507 771 1563 λειμΐννατ
789 1504 892 1565 dixerit,
909 1507 950 1554 cui
969 1505 1045 1555 verbo
1058 1507 1152 1555 melius

56 1569 227 1630 respondeant
240 1571 290 1616 laeti
301 1570 395 1628 campi,
409 1582 483 1628 qinom
495 1568 547 1614 loti.
581 1567 673 1614 Debite
694 1566 810 1627 prolecto
829 1570 1024 1629 argumentum!
1050 1569 1084 1617 Et
1104 1585 1154 1632 sp·

58 1632 135 1677 tiores
147 1632 221 1691 thus
233 1631 284 1677 loci
303 1630 407 1690 imagini
426 1629 471 1675 loti
489 1629 581 1688 compi.
616 1628 673 1674 Vid.
685 1629 782 1677 Bentl’
797 1631 865 1678 doni.
899 1633 990 1679 Totam
1002 1634 1067 1681 hanc
1078 1634 1154 1683 Stro-

56 1693 134 1756 phen,
144 1693 229 1740 stndio
242 1692 379 1752 castitatis,
388 1689 473 1739 omisit
481 1689 640 1737 simod-10
650 1689 720 1752 Lips.
728 1693 876 1747 tetulisse,
887 1696 1066 1754 eginone-1⁵
1079 1698 1156 1761 Lips-

549 1817 656 1868 NOTAE

54 1920 105 1975 dis,
130 1918 224 1968 deinde
251 1904 368 1979 qnetuor,
398 1922 453 1965 torn
475 1923 583 1979 septem,
623 1915 756 1964 historiam
768 1921 856 1963 narret
867 1922 908 1963 sat
920 1915 1040 1977 lepidam.

57 2004 148 2060 postes
184 2009 275 2044 novem
308 1995 455 2054 instrirctn3
482 1993 583 2041 deinum
656 1992 737 2040 lDic
750 1991 1154 2054 modos,Lydeqoibusolstinotos

57 2071 133 2118 etism
156 2070 278 2130 pluribus.
312 2070 379 2117 Vide
400 2069 517 2117 ltlscrob.
538 2070 584 2117 Sa·
623 2066 822 2129 Applicetoutes]
835 2067 932 2114 Cantus
944 2067 1080 2114 dulcedine
1089 2083 1155 2116 con·

57 2153 125 2193 tnrn.
148 2157 167 2190 ι.
192 2148 229 2191 19.
276 2144 382 2193 Diodor.
402 2144 481 2192 Sicut.
504 2143 585 2192 lib-r.
626 2150 752 2192 tumacern
771 2143 857 2204 Lydes
873 2143 981 2191 animum
1000 2142 1086 2205 flecte,
1104 2159 1156 2207 per

57 2219 164 2268 Pinder.
191 2220 313 2281 tdppms
341 2219 526 2283 ἑπτάγλωσσον,
558 2221 584 2269 id
625 2233 698 2267 eures
717 2219 836 2267 delinitos
856 2219 888 2265 ad
908 2233 953 2267 cor
974 2228 1089 2281 penetra,
1106 2219 1154 2268 de·

57 2303 107 2355 est,
118 2294 264 2357 ἑπτάφωνον,
277 2304 361 2346 voest.
396 2296 484 2357 virgil.
497 2296 585 2357 Eclog.
625 2294 718 2354 mulce,
731 2293 796 2340 viem
815 2302 912 2350 sterne,
925 2296 1067 2357 sensimque
1082 2308 1155 2344 meos

58 2386 88 2420 ιι.
100 2376 140 2420 86.
156 2378 163 2399 ¹
177 2373 224 2421 Est
244 2372 304 2420 niilri
323 2370 467 2433 disparibus
483 2379 583 2431 septem
624 2382 723 2417 amores
735 2368 841 2415 insinno.
874 2368 913 2413 Ex
929 2366 1076 2425 Plutarcho,
1093 2368 1155 2418 Mu·

59 2447 293 2509 conspectscicntis
304 2445 419 2494 Fistula!
443 2446 476 2492 Et
485 2442 583 2492 AEneid.
624 2446 676 2492 sice
688 2445 812 2492 concinno
825 2458 870 2490 eno
883 2451 1084 2505 temperamento
1093 2459 1154 2493 cor-

59 2536 97 2568 vr.
117 2527 173 2570 nso.
199 2522 376 2583 ‘obloquitur
396 2519 507 2567 numeris
528 2533 584 2580 sep·
625 2534 688 2581 pora
705 2528 854 2581 mentesque
878 2527 982 2567 revocet
999 2527 1026 2566 et
1044 2520 1154 2569 emollit.

58 2602 110 2642 tem
130 2596 277 2643 discrimina
290 2592 398 2641 vocum!
432 2594 514 2640 Porro
527 2606 584 2653 sep-

57 2678 130 2717 tenas
154 2668 278 2728 diapason
300 2667 400 2728 species
422 2681 466 2714 sen
487 2664 585 2721 modos,

58 2757 121 2806 quos
144 2756 211 2790 nirno
234 2749 307 2790 tonos
329 2743 472 2805 appellent,
490 2741 584 2790 debere

57 2818 166 2880 intelligi
185 2816 247 2866 locis
267 2817 323 2865 istis
342 2818 451 2879 perinde
469 2817 585 2879 singulis,

58 2909 108 2943 non
121 2893 165 2941 ebs
178 2906 205 2940 re
216 2893 352 2941 contendit
364 2892 514 2941 Glareanus.

90 2975 104 3017 5
120 2969 169 3017 Nec
182 2971 267 3030 loquax
276 2968 501 3030 otimnoqoegrotn]
511 2966 586 3015 Prius

59 3053 166 3095 mutuet
178 3046 232 3093 sine
244 3045 294 3093 ulto
305 3045 399 3106 pretio,
411 3050 436 3093 st
449 3051 585 3106 postquem

58 3123 85 3171 iu
97 3123 177 3185 lyram
191 3128 231 3170 est
244 3120 404 3179 concinnate,
419 3127 518 3181 gratnm
532 3118 585 3167 edi-

59 3196 99 3245 dit
116 3211 213 3257 sonmn,
227 3196 366 3257 dulcesque
385 3195 473 3242 modos
490 3209 520 3243 ec
539 3210 585 3243 nn·

60 3286 143 3318 meros
156 3271 297 3333 expressit3
315 3270 486 3332 utJeqnisite
502 3278 530 3318 et
541 3271 585 3317 sd-

59 3345 140 3391 hibita
151 3346 184 3391 sit
194 3347 219 3392 in
230 3345 338 3393 divitum
349 3346 471 3393 conviviis
483 3355 510 3394 et
520 3347 587 3395 Deo·

60 3431 115 3463 rum
128 3419 219 3465 sacris.

91 3497 107 3538 ti
125 3492 235 3538 Divitem
249 3494 345 3553 nwitsir]
370 3492 445 3541 Qiiod
464 3492 514 3539 vini
535 3494 585 3541 vim

60 3566 224 3615 fervidiorenr
245 3566 340 3613 elidere
363 3568 447 3614 valent
477 3567 586 3629 ltlnsica,

60 3645 125 3692 hanc
144 3640 201 3688 ideo
222 3641 299 3702 prisci
321 3640 475 3688 adhibebant
493 3643 517 3688 in
534 3644 585 3690 suis

60 3717 193 3770 conviviis.
227 3717 315 3763 'Pestis
338 3716 472 3764 Plntsrch.
491 3719 532 3765 lib.
553 3719 585 3767 de

59 3794 175 3844 Musica:
203 3800 230 3839 et
248 3791 352 3839 Homer.
372 3792 466 3853 Odyss.
487 3795 529 3841 nbi
549 3795 584 3842 ci·

61 3873 136 3920 thara
147 3867 257 3917 convivii
270 3866 361 3913 sodalis
374 3875 545 3928 nuncupatur.

94 3951 126 3996 Et
138 3948 214 3995 enrico
224 3944 325 4007 templis]
344 3942 410 3991 Vide
422 3943 477 3991 Liv.
492 3959 531 3992 lx.
544 3950 582 3993 30.

624 2596 659 2643 Et
670 2594 715 2642 lib.
729 2595 760 2642 de
773 2594 913 2657 Superstit.
931 2594 966 2641 sit
983 2609 1014 2641 ex
1031 2594 1155 2652 Platone,

625 2669 749 2717 liliisicsm
779 2684 829 2716 non
853 2669 1001 2717 deliciarum
1025 2685 1101 2718 ceusu
1125 2680 1155 2720 et

625 2744 739 2807 pruritus
752 2745 849 2792 surium
862 2743 957 2799 dotem,
968 2746 1013 2793 sed
1032 2753 1059 2793 nt
1075 2747 1153 2796 enimi

624 2819 743 2882 periodos
756 2820 871 2881 improbe
884 2821 1047 2871 lascivientes
1059 2822 1153 2871 decen·

626 2905 666 2943 ter
678 2896 794 2944 reducat.

656 2975 673 3018 9
691 2973 758 3033 Qua,
767 2974 828 3020 celet
840 2974 895 3022 lotis
906 2991 964 3036 equo
975 2975 1044 3022 trimo
1057 2975 1155 3037 campis,

626 3046 712 3108 Ludit]
724 3048 803 3095 Velnt
813 3063 879 3110 eque
889 3064 937 3096 non
950 3049 1155 3109 domitajnvent·

626 3123 685 3170 liter
700 3123 799 3170 lascivit
811 3129 838 3169 et
850 3123 912 3168 ludit
927 3136 972 3183 per
984 3135 1088 3184 campos
1101 3122 1155 3171 dis·

625 3197 753 3246 currendo
766 3205 792 3244 et
806 3196 956 3258 exsiliendo,
968 3197 1004 3245 sie
1022 3197 1096 3260 Lyde
1111 3200 1153 3262 J'u·

627 3272 722 3320 seniles
731 3279 846 3319 sectetur
854 3287 911 3320 enni
922 3273 1063 3336 aequalibus
1074 3274 1156 3339 ludos,

627 3361 642 3393 a
653 3346 718 3393 virili
730 3353 815 3394 sutem
829 3350 959 3396 consortio
971 3349 1094 3398 hactenus
1106 3351 1153 3400 ab·

625 3422 720 3470 horret.
740 3437 769 3470 ιι.
783 3422 835 3472 Od.
847 3429 870 3471 5.
886 3431 909 3472 5.
929 3427 1024 3473 ‘Circe
1041 3427 1153 3475 virentes

626 3506 666 3545 est
676 3499 773 3546 animus
783 3507 833 3547 tuae
844 3499 1155 3563 Camposjnvencae‚'&c.

660 3579 689 3620 10
706 3574 779 3622 Ludit
798 3573 909 3634 exultim]
930 3574 1064 3620 Anacreon
1082 3576 1153 3624 Πῶλε

626 3648 732 3710 Omissis,
750 3649 775 3696 ri
794 3649 821 3703 δή
837 3665 876 3706 με,
885 3682 891 3694 .
901 3679 908 3694 .
917 3679 923 3692 .
932 3650 1026 3702 Νηλεῶς
1040 3647 1136 3707 φεύγεις
1147 3672 1155 3712 3

628 3726 728 3773 ...Νῦν
744 3724 768 3771 δὲ
785 3722 897 3781 λειμῶνός
913 3741 940 3769 τε
956 3722 1055 3776 βόσκων
1069 3726 1155 3786 notos

625 3818 652 3846 τε
672 3801 792 3860 σκιρτῶσα
811 3797 911 3858 παίζεις,
928 3816 983 3846 κ.τ.
994 3808 1018 3846 λ.
1045 3802 1154 3861 Equuleo

628 3875 734 3923 Threicio
746 3875 802 3934 quid
816 3889 851 3920 me
867 3875 1095 3936 Crunettrersugtsl
1118 3878 1153 3924 At

625 3965 685 3998 nunc
701 3956 772 4011 proto
787 3951 918 4013 deposceris
930 3953 963 3999 Et
979 3953 1077 4012 agiliter
1091 3954 1152 3998 exsi-
