2408 4200
494 244 626 296 UB'l'BA
650 244 886 300 HORATth.

139 403 192 447 sex
206 393 356 464 septemve
369 390 542 463 temporum.
585 387 662 447 Bina
688 387 947 471 Heudocaryllaba
968 392 1091 455 ducunt.
1133 454 1135 459 ,
1190 428 1193 447 ·

139 480 293 540 emimma
307 478 438 539 lambica
451 479 595 559 requitur.
625 473 631 485 ⁸

185 574 231 635 15.
252 573 404 634 Alcaicum
433 573 665 658 Dacasyllabum
691 576 773 655 cogit
800 596 919 657 agmon.
971 579 1057 641 Hauc
1085 581 1203 643 Carmio

139 669 372 751 complexionem
388 668 529 730 Horatius
543 669 675 749 inprimis
688 670 858 733 celebrarit.

183 766 230 824 16.
249 762 432 824 Phalmcium
460 763 692 843 Autispasticum
719 765 942 827 Totmmctrum.
983 766 1071 828 Ratio
1094 770 1190 829 curh

143 859 258 920 nomiae
270 859 448 938 insigniatur
466 868 514 919 est
535 878 571 918 ex
593 860 728 920 Crocus.
749 860 892 939 Epitritus
905 863 936 921 4.
959 863 1123 942 Autispast.
1143 866 1203 926 Ant

138 963 233 1035 spart.
249 954 412 1014 Diiambus.
442 953 507 1014 Nos
521 962 618 1014 autem
631 955 663 1015 id
675 955 788 1034 agimus
802 966 846 1027 ut,
859 954 941 1035 quod
954 956 1016 1016 fieri
1029 967 1138 1036 potest,
1152 959 1204 1020 iot

138 1047 305 1127 trisyllabos
317 1046 409 1127 pedes
424 1049 641 1117 subsistamusr
656 1069 747 1128 quare
760 1068 878 1110 versum
899 1051 1197 1134 Heccoedecasyllsbu

137 1163 191 1223 por
205 1142 279 1203 duas
294 1145 433 1203 Coesums
448 1142 683 1205 Penthemimere
702 1154 732 1204 et
751 1145 937 1205 Triemimere
955 1149 1111 1224 carpimus,
1132 1149 1204 1208 dou

138 1239 169 1296 iu
183 1237 271 1297 llario
287 1235 472 1315 Dactylicam
487 1236 664 1317 deponatur.
681 1256 703 1296 1.
719 1237 778 1298 Od.
796 1241 841 1298 ll.
857 1258 905 1299 rr.
921 1237 980 1298 Od.
998 1242 1044 1299 10.

182 1334 229 1393 17.
263 1331 414 1392 Aloaicum
444 1332 490 1393 rel
520 1332 747 1394 Anacreontium
782 1332 945 1399 Dimetrum
974 1333 1200 1412 Heptasyllebu

137 1428 353 1505 Quodcumque
371 1436 495 1486 metrum
508 1436 630 1486 constat
643 1445 680 1486 ex
695 1426 827 1506 Dactylis
848 1436 878 1486 et
892 1426 1054 1498 Trochaais‚
1076 1429 1131 1498 Loe,
1145 1458 1148 1477 ι
1164 1458 1197 1479 ···

137 1535 207 1594 coo,
221 1520 320 1593 idest,
336 1519 554 1582 Prosometrum
576 1519 759 1601 appellatum
787 1538 823 1580 eo
848 1521 981 1580 fortassis
1004 1521 1084 1600 quod
1106 1524 1199 1584 Asiati

138 1615 278 1675 Oratores
291 1615 389 1675 orbem
404 1616 553 1676 verborum
570 1613 741 1675 Ditrocbaeo
755 1608 880 1674 libenter
891 1615 1086 1685 claudebant:
1103 1617 1176 1678 alias
1198 1648 1204 1668 ι

138 1708 314 1770 choriambo
326 1719 356 1769 et
370 1708 509 1770 Bacchio.
526 1728 550 1769 1.
567 1708 628 1769 Od.
642 1711 673 1769 8.

177 1806 223 1863 18.
244 1802 422 1883 Sapphicum
444 1802 717 1881 Hephtbemimsres
745 1821 812 1862 cum
833 1804 1016 1882 supraposito
1031 1805 1151 1866 Alcaico
1173 1806 1200 1865 D

134 1910 239 1959 metro.
281 1897 419 1975 Superior
433 1915 534 1957 versus
547 1916 615 1957 cum
629 1895 687 1956 hoc
702 1897 744 1957 sic
758 1897 946 1976 conjungitur
960 1899 1038 1977 apud
1058 1900 1183 1960 Horatio
1192 1929 1204 1952 ιι

134 1993 242 2052 Verior
254 1987 395 2048 metiendi
407 1989 480 2048 ratio
494 2000 539 2049 est
555 2009 607 2068 per
627 1990 794 2070 Epitritum,
814 1989 863 2049 rel
886 1990 1026 2071 Hippium
1051 1994 1162 2055 secund
1192 2023 1204 2049 a

137 2086 216 2144 duos
230 2081 435 2152 choriambon,
449 2092 479 2141 et
492 2083 658 2146 Bacchium.
700 2085 852 2145 Alcaicum
866 2084 1204 2168 Pentecoedecasyllabu

137 2178 257 2238 dicitur.
274 2197 299 2236 r.
314 2175 372 2236 od.
389 2177 417 2234 8.

180 2274 227 2332 19.
250 2272 382 2332 lonicum
405 2289 423 2328 a
444 2267 547 2328 minori
568 2269 799 2353 Trirrhythmum
821 2273 1025 2332 Acatalectum
1048 2272 1124 2332 binis
1147 2272 1196 2332 Tri

135 2367 278 2447 rhythmis
293 2364 476 2444 suffiuugitur
489 2363 769 2445 Tstrurrhytbmum.
783 2385 838 2427 ιιι.
854 2365 911 2427 Od.
928 2368 974 2425 12.

176 2466 226 2522 20.
245 2460 462 2520 Archilochium
482 2459 679 2538 compositum
692 2480 729 2520 ex
742 2461 831 2521 Tome
843 2460 994 2532 Bucolica,
1009 2460 1089 2539 quod
1104 2471 1151 2520 est
1171 2460 1204 2518 T:

134 2567 302 2617 tramctrum
330 2553 527 2632 Dactylicum,
557 2562 588 2612 et
607 2553 770 2614 Trochaico
795 2555 928 2616 Dimetro
952 2553 1204 2635 Brachyeatalcct

133 2651 215 2730 quod
229 2648 454 2729 ithyphallicum
465 2647 579 2709 dicitur.
623 2648 792 2728 Subjectum
803 2651 857 2710 sibi
868 2651 957 2712 habet
968 2651 1099 2711 lamburn
1113 2651 1203 2710 Trim

71 2745 74 2749 ’
135 2758 213 2804 trum
227 2743 446 2803 Catalecticum.
462 2762 486 2803 1.
502 2742 563 2802 od.
578 2748 609 2804 4.

180 2840 230 2895 21.
251 2836 465 2896 Archilochium
479 2837 675 2916 compositum
689 2859 727 2899 ex
741 2840 965 2901 Penthemimeri
981 2842 1083 2919 Epicu,
1106 2852 1137 2901 et
1147 2842 1202 2899 «la·

133 2933 202 2992 bico
230 2930 370 2991 Dimetro.
412 2931 576 2992 Observato
603 2932 725 3011 dignum
748 2937 845 2996 Metra
866 2956 933 3012 qum
959 2935 1118 3016 Dactylicis
1150 2936 1181 2993 la

131 3030 185 3086 bos
199 3035 361 3106 apponunt,
375 3027 615 3104 Encomiologica
635 3027 701 3086 dici.
743 3029 935 3103 Postponitur
951 3028 1049 3088 lambo
1069 3030 1204 3085 Trimetr

133 3120 322 3199 Elegiambus
335 3122 515 3200 appellatus.
530 3121 627 3197 Epod.
640 3140 689 3178 ιιι.

172 3218 220 3277 22.
241 3215 462 3275 Archilochium
479 3214 675 3290 compositum
690 3232 725 3271 ex
741 3213 869 3270 iambico
891 3209 1024 3266 Dimetro
1045 3222 1075 3267 et
1097 3209 1203 3267 Penth

128 3312 242 3372 mimeri
257 3311 362 3389 Epicu.
398 3304 538 3383 Sequitur
552 3305 772 3363 Hexametrom.
808 3304 1000 3381 lambelegos.
1016 3302 1111 3383 Epod.
1127 3323 1193 3362 x111
