2408 4200
57 267 121 331 lut
419 286 452 343 e.
475 283 632 332 nonnru
658 286 788 334 resecr

188 426 324 507 Ingrato
341 425 465 487 celeres
478 426 588 487 obruit
602 426 670 486 otio

229 526 367 602 Ventos,
384 532 419 588 ut
435 532 562 588 caueret
576 526 645 589 feru

184 628 315 690 Nereus
331 627 410 689 sata.
456 626 550 690 Mula
565 626 662 690 ducis
678 627 734 688 avi
750 625 894 703 domum,

184 727 296 812 Quam
312 727 415 788 multo
432 735 560 808 repetet
574 726 710 789 Graecia
725 726 831 787 milite

185 828 365 909 Conjurala
379 831 454 888 luas
467 845 617 908 rumpere
633 827 781 908 nuptiae,

231 927 273 989 Et
287 946 423 1007 reguum
441 927 563 990 Priami
580 935 685 990 retus.

183 1028 289 1102 Eheu,
306 1035 450 1109 quantus
465 1031 575 1111 equis,
590 1036 738 1109 quantus
754 1026 851 1089 adest
866 1027 945 1088 viris

185 1129 311 1194 Sudor!
335 1137 461 1211 quantu
475 1149 589 1192 moves
600 1130 717 1192 funera
734 1128 899 1191 Dardanae
1103 1129 1145 1191 10

57 1318 183 1375 injucunde
194 1321 364 1381 tranquillitate
374 1325 455 1367 uentos
470 1320 558 1367 celoces
571 1320 686 1380 oppressil
700 1317 799 1377 Nereus,
811 1320 836 1362 ul
858 1316 911 1361 diro
929 1313 1067 1375 preciperet
1078 1310 1144 1384 selu,

56 1383 105 1428 sic:
124 1384 237 1440 lnfnnstis
248 1386 359 1444 auspiciis
370 1387 460 1431 domum
472 1384 537 1429 ducis
545 1398 604 1443 eum,
612 1397 679 1442 quum
690 1394 809 1428 numeroso
820 1380 923 1425 exercitu
935 1380 1035 1438 reposcet
1049 1375 1144 1421 Groeern

56 1448 192 1505 conspirans
210 1453 262 1493 tuos
273 1449 398 1495 dissolvere
409 1448 513 1508 nuptias,
523 1451 592 1506 utque
609 1447 731 1505 antiquum
743 1443 837 1491 Prinmi
849 1456 954 1502 regnum.
987 1442 1062 1493 Eleu,
1073 1453 1144 1500 qneru-

57 1513 95 1554 lns
105 1511 177 1568 epicis,
193 1517 292 1569 qrruntus
304 1512 361 1557 ciris
372 1513 443 1557 sudor
456 1510 549 1556 inslul!
569 1511 677 1563 Quantus
687 1510 759 1555 eredes
770 1507 877 1564 trojane
888 1505 977 1552 uerlioui
983 1503 1074 1565 porus!
1090 1503 1146 1548 Jum

56 1735 161 1782 Mitselr.
185 1738 290 1798 Bipont.
312 1741 418 1786 Wetzel.
439 1749 465 1788 et
488 1742 616 1789 titud-u
640 1742 757 1788 ‘Proteus
780 1754 826 1800 pro
850 1738 941 1784 Nereus
962 1735 1054 1795 legisse
1075 1732 1144 1780 ride·

56 1807 98 1845 tur
121 1800 248 1862 Porplryr,
268 1803 312 1849 sed
335 1802 411 1850 facile
436 1805 488 1851 lubi
507 1813 620 1866 poterut,
644 1804 711 1862 quod
733 1806 831 1851 Proteus
850 1813 951 1864 qnoque
973 1811 1078 1857 nragnus
1102 1812 1144 1843 ra·

56 1862 114 1910 tes!
130 1865 247 1912 deni—9
267 1867 321 1912 Heu
335 1867 378 1914 lreu
395 1867 469 1914 Harl.
485 1872 509 1915 3.
525 1874 549 1915 l.
566 1869 625 1916 Aer.
645 1870 729 1916 Pnlm.
745 1872 767 1914 l.
787 1869 851 1914 2.-1.
870 1872 922 1910 tres
939 1863 1058 1910 Torrent.
1078 1874 1143 1907 unus

56 1926 215 1984 Bersmauui,
232 1929 301 1987 Lips.
327 1934 349 1977 1.
370 1930 434 1978 nin.
459 1936 479 1978 l.
504 1937 527 1978 2.
545 1932 619 1979 Frnu.
641 1932 749 1979 Ascens.
769 1931 845 1977 Fubr.
861 1929 922 1974 Vet.
942 1927 1031 1974 Conrb.
1048 1932 1075 1972 et
1091 1925 1144 1970 Ve-

55 1999 120 2037 neu.
154 1991 209 2037 Heu
233 1994 306 2053 quusi
331 1993 429 2054 dissyll.
453 1994 555 2056 quidum
580 2011 620 2058 up.
647 1997 721 2043 Febr.
756 1992 844 2041 Heus!
867 1989 943 2039 lreus!
965 1991 1033 2052 Lips.
1054 1992 1143 2035 d.—l·2

547 2122 653 2170 NOTAE

86 2213 577 2278 3lrrgrcloeeleres,dre.]Quoniamren·
619 2226 704 2265 ueturn
727 2215 882 2277 respondere
910 2216 980 2261 velut
1005 2215 1143 2261 oraculum.

54 2295 137 2334 torum
155 2300 247 2337 nutura
259 2300 299 2338 est
311 2307 445 2353 erumpere
462 2303 487 2340 et
501 2308 577 2354 usgu-
618 2291 792 2353 Apollodorus
804 2289 847 2336 lib.
860 2303 891 2334 rr.
910 2286 942 2335 de
964 2288 1088 2348 Nymplris
1099 2287 1144 2334 Jo-

52 2362 86 2408 ri:
113 2363 170 2408 liiuc
190 2366 251 2411 nihil
272 2366 432 2427 injucundius
455 2369 515 2427 ipsis
537 2375 576 2413 est
619 2368 653 2411 vis
675 2381 704 2412 uc
722 2364 837 2411 Thetidis
850 2361 960 2419 filiabus,
977 2370 1061 2406 ratem
1079 2359 1143 2407 sarit

53 2452 127 2496 qurum
147 2437 250 2485 t'r‘u’nuri
273 2449 298 2486 et
319 2441 343 2486 in
366 2443 419 2488 otio
441 2442 576 2488 contineri.
618 2442 746 2487 Nereum:
774 2446 798 2484 et
819 2436 948 2484 Hesiodus
968 2437 993 2480 in
1013 2435 1141 2494 Tlreogon.

53 2510 99 2555 Est
111 2512 151 2569 qui
166 2511 260 2558 referat
273 2515 303 2559 ad
318 2515 444 2574 Paridem,
456 2516 576 2562 celeriter
618 2515 757 2561 veridicum
770 2527 828 2559 enm
841 2513 963 2572 appellnt.
985 2511 1091 2557 Manent
1104 2526 1142 2557 er-

53 2582 161 2628 avehere
184 2586 295 2642 praedum
321 2604 388 2635 snam
414 2591 574 2650 cupientem:
617 2605 648 2650 go
662 2590 740 2637 Nerei
760 2588 955 2649 Prosopopoein,
974 2594 1000 2634 et
1013 2595 1084 2633 recte
1097 2601 1141 2647 po·

52 2656 93 2702 eui
113 2656 218 2716 proinde
240 2663 311 2708 valde
335 2665 434 2723 ingrata
453 2663 530 2712 inerit
544 2681 575 2711 eu
617 2667 665 2712 situ
678 2673 824 2712 censeatur.

52 2745 132 2778 mora.
157 2733 206 2781 Sed
220 2750 276 2782 eum
291 2752 335 2798 per
348 2743 439 2787 nmltas
451 2742 574 2788 audirer·
647 2747 661 2788 5
682 2742 748 2788 Molo
767 2741 832 2788 ducis
853 2741 891 2785 uei
911 2737 1014 2797 domum]
1032 2738 1071 2783 Ex
1090 2736 1141 2783 Αιι-

52 2821 90 2852 sas
103 2808 218 2867 regiones
238 2811 313 2859 Puris
327 2815 450 2861 Helenam
469 2816 574 2864 circnm-
616 2829 704 2872 gneum
716 2816 895 2862 observatione
908 2821 990 2860 tractu
1003 2813 1098 2868 dicti03
1117 2813 1141 2857 id

53 2882 154 2928 duxisse
175 2886 281 2945 legutur,
300 2898 434 2951 antequam
456 2892 480 2937 in
498 2893 575 2938 Teon.
616 2896 665 2945 est,
677 2890 743 2933 innlo
755 2890 847 2946 omine,
860 2887 954 2934 infelici
971 2887 1076 2946 augurio
1089 2886 1141 2930 He-

51 2957 108 3004 dem
119 2962 280 3018 perveheret,
290 2978 338 3009 non
350 2966 451 3013 ridetur
460 2980 489 3012 ea
502 2981 575 3027 posse
616 2962 697 3006 lenam
715 2961 797 3017 ducis,
809 2976 822 3006 o
835 2962 905 3015 Puri,
926 2961 1022 3020 tibique
1034 2961 1139 3006 ussnrnis

51 3036 231 3095 interpretatio
244 3046 322 3085 sture.
617 3046 641 3084 et
655 3037 721 3096 rupis
734 3049 835 3081 uxorem
848 3036 963 3081 alienam.

82 3114 96 3153 4
119 3110 152 3155 tu
164 3120 254 3159 euncrel
261 3113 316 3170 seru
330 3116 490 3177 Nerenssntu]
507 3118 575 3165 Dum
648 3116 663 3158 6
681 3112 758 3157 Mulli>
768 3110 853 3170 milne]
864 3110 967 3156 Homer.
980 3122 1056 3155 ssaves
1068 3109 1143 3156 Gsae·

51 3183 176 3227 excidium
206 3189 295 3245 patrius
320 3205 349 3235 ae
378 3193 479 3250 paterni
504 3192 574 3250 regni
616 3189 911 3234 cornmnrnnerutlllti.

51 3257 235 3316 praenuntiaret
253 3261 378 3322 flagitioso
399 3265 495 3318 l'midi,
516 3280 574 3310 reu-
648 3266 661 3308 7
683 3261 823 3322 forjurare]
836 3261 948 3322 inportu
958 3260 1057 3307 Aulidis
1067 3261 1140 3308 Gree-

50 3340 88 3377 tos
101 3335 249 3390 compressit
271 3338 378 3394 Nereus,
395 3340 573 3400 silentiumque
616 3339 663 3384 eise
674 3338 808 3399 Principes
819 3338 927 3383 universi
936 3337 1103 3397 jurejnrnndo
1114 3353 1140 3384 se

49 3406 181 3465 imposuit.
218 3407 328 3454 Quidum
353 3413 512 3455 contentiose
538 3414 573 3457 le·
616 3414 791 3460 restrinxerunt
804 3427 853 3458 nou
870 3412 1139 3471 discessurosnlnllo,

49 3489 120 3540 gunt,
132 3481 241 3536 Proteus,
258 3496 287 3527 eo
306 3483 370 3540 qnod
391 3483 458 3541 upnrl
479 3484 573 3531 Home·
614 3488 695 3534 donee
710 3487 1006 3540 Helenurestitneretur,
1019 3489 1137 3548 illataque

48 3571 104 3601 runi
124 3556 165 3602 ille
183 3555 214 3601 ele
227 3557 343 3616 Trojnnis
365 3559 439 3602 rebus
454 3559 572 3607 ruticine-
614 3563 712 3611 Grneis
732 3562 823 3622 injuria
844 3561 1028 3618 vindicaretur,
1049 3576 1138 3608 euersa

49 3639 107 3674 tur:
138 3632 222 3674 Nereo
245 3639 330 3674 autem
353 3633 392 3674 riu
417 3631 441 3674 id
463 3636 573 3674 numeris
613 3637 700 3674 'Proin
