2408 4200
193 486 257 580 Q·
311 485 649 577 HORATII
699 482 991 574 FLACCI
1049 562 1054 571 .
1101 465 1104 469 ’

327 759 835 867 CARMINUM

467 1075 633 1150 LIBER
665 1075 721 1148 ΙΙ.

510 1541 616 1605 ODE
654 1543 682 1603 1.

319 1719 369 1764 An
394 1718 425 1763 C·
448 1713 608 1763 astutum
635 1715 866 1762 Pouutottsstt.

50 1862 175 1914 Horatius
187 1865 390 1914 Cossutianarum
402 1872 430 1913 at
442 1865 656 1927 Pompeianarum
677 1865 789 1927 partium
800 1861 901 1914 ‘medius
912 1863 1030 1913 Asinium
1042 1862 1137 1911 Poiiio·

83 1944 325 2003 nem,coasuiarem
337 1945 417 1992 sirum
430 1950 457 1992 et
468 1943 581 2005 Augusti
594 1944 675 2005 gratia
695 1949 837 2006 potentem,
848 1959 863 1992 a
874 1943 1022 2006 stringendo
1033 1942 1101 2004 styto
1113 1943 1139 1988 iu

82 2021 254 2085 Pompeianos
266 2023 392 2084 deterret,
403 2037 434 2072 ae
448 2023 527 2087 magis
538 2037 596 2071 eom
609 2022 641 2071 sd
655 2038 747 2072 suares
763 2038 845 2072 mores
857 2032 884 2073 et
901 2023 1088 2072 miserationem
1100 2027 1141 2068 tot

82 2101 217 2150 illustrium
225 2103 333 2152 virorum
346 2104 460 2169 adducit.
491 2104 608 2167 (stimmo
620 2103 787 2152 videturesse
799 2105 869 2152 haeo:
882 2104 933 2162 Tu,
946 2102 1038 2160 Poiiio,
1049 2098 1139 2148 scribis

84 2179 227 2230 Historiam
244 2183 369 2231 bellorum
386 2183 510 2243 ciuilium,
521 2196 585 2244 opus
600 2181 706 2230 arduum
722 2197 752 2230 sc
764 2181 882 2230 difficile:
901 2196 950 2244 ego
962 2196 1022 2229 vero
1039 2187 1138 2229 tantum

83 2260 202 2310 Carmina
213 2262 332 2312 meditari
346 2276 448 2324 possum
460 2262 558 2310 leviora
569 2268 595 2308 et
607 2260 740 2307 amatoria.
762 2258 852 2322 Zeus.)

179 2373 322 2437 Morum
340 2394 384 2437 ox
401 2374 537 2436 Metello
552 2370 691 2434 consulo
706 2371 861 2446 civicum,

82 2520 151 2565 Belia
162 2518 242 2564 cioiiio
257 2534 272 2564 o
285 2520 376 2565 Meteiii
393 2519 522 2580 musulatii,
537 2524 561 2567 ei
577 2518 749 2566 discordiarum
764 2517 877 2577 origines,
892 2517 1044 2578 criminaque,
1060 2523 1084 2564 et
1099 2531 1138 2562 ra-

85 2724 151 2771 Haec
164 2722 222 2771 Ode
235 2722 334 2770 decima
347 2723 457 2783 septima
466 2733 507 2772 est
518 2726 588 2774 Libri
601 2725 706 2774 aecrrndi
719 2725 744 2772 io
762 2724 811 2771 Ed.
822 2722 915 2771 Sanad.
948 2721 1103 2770 inscribitur
1114 2722 1139 2768 in

52 2796 104 2834 ret.
116 2786 173 2834 cod.
186 2786 326 2839 Torreatii‚
342 2786 382 2833 Ad
401 2786 512 2834 Asinium
531 2789 669 2848 Pollionem,
688 2789 765 2835 uirum
783 2789 943 2846 Consularem,
957 2791 983 2832 ut
1002 2786 1142 2832 intromissis

53 2850 187 2909 tragoediis
197 2849 253 2896 beili
263 2851 340 2897 ciuilis
350 2849 466 2897 aaudiat
477 2851 628 2906 Historiam
651 2852 722 2897 multi
740 2850 816 2896 codd.
829 2856 939 2896 recenti.
954 2864 995 2909 ap.
1015 2848 1085 2908 iani,
1102 2850 1141 2895 Ad

51 2913 183 2961 Pollionem
194 2914 313 2974 Asinium,
324 2915 364 2974 ossi
373 2913 475 2975 primum
485 2913 668 2961 medicabile
679 2913 817 2960 bedam-l
831 2912 894 2957 Exc.
901 2914 961 2958 Sar.
973 2911 1066 2957 Motum
1076 2926 1094 2956 ι.
1106 2912 1140 2957 Μ.

541 3045 649 3094 ΝΟΤΙΕ

82 3139 195 3187 Mettum
206 3138 272 3187 idem
287 3139 354 3201 quod
369 3153 387 3187 ι.
400 3139 450 3188 Od.
461 3144 485 3188 9.
617 3138 722 3186 circiter
731 3137 830 3199 viginti,
838 3136 955 3185 civilibus
965 3135 1075 3184 dissidiis
1085 3152 1141 3199 ges·

84 3219 96 3261 l
111 3216 208 3262 Meteiio
219 3210 321 3275 rousuie]
339 3215 430 3261 Plures
450 3215 521 3277 bujus
533 3230 577 3263 uo·
618 3222 668 3271 tas,
680 3215 725 3260 boc
738 3221 787 3271 est,
798 3213 830 3259 ab
842 3226 881 3270 eo,
892 3211 958 3273 quod
971 3213 1066 3270 notari,
1077 3219 1139 3259 tem·

49 3289 125 3338 minis
136 3303 195 3337 cum
212 3286 311 3335 fuerint
328 3289 460 3350 Cousuies,
471 3290 577 3351 ambigi·
617 3302 679 3349 pore
689 3288 720 3333 ad
733 3301 804 3333 susim
817 3299 897 3345 usque
910 3284 1068 3332 consulatum
1081 3286 1140 3333 Poi-

51 3372 93 3411 tur
103 3376 173 3421 saue,
186 3360 218 3407 de
230 3376 279 3423 quo
288 3362 447 3423 potissimum
458 3364 576 3424 loquetur
616 3361 650 3408 iio
663 3358 877 3420 persequebatur,
888 3371 945 3403 cum
958 3357 1042 3406 Podta
1054 3368 1141 3406 noster

52 3437 184 3484 Horatius.
201 3436 295 3482 Verum
305 3448 336 3482 ex
349 3436 477 3496 adjunctis
490 3443 573 3484 tamen
615 3434 647 3480 ab
661 3435 778 3480 instituto
790 3445 864 3478 cursu
882 3431 952 3478 ilium
970 3446 1090 3479 revocare
1104 3433 1142 3479 ni·

49 3508 229 3571 intelligendus
242 3509 349 3556 maxime
362 3509 462 3556 videtur
474 3510 572 3560 Q.Me·
615 3512 719 3560 tebatur
736 3512 782 3558 hac
802 3510 875 3569 Ode;
894 3509 961 3557 forto
978 3525 1010 3558 ue
1030 3513 1139 3558 excitata

50 3585 125 3632 telios
148 3584 231 3641 Ceier,
252 3583 296 3644 qui
318 3581 476 3629 consulatum
497 3583 574 3643 gessit
615 3587 739 3634 beliorum
752 3586 859 3633 istorum
872 3585 1017 3631 recordatio
1031 3588 1138 3646 asperio-

50 3674 107 3706 cum
126 3654 283 3714 hdt‘rauio,
302 3670 367 3703 anuo
385 3655 416 3702 ab
435 3656 496 3704 urbo
513 3671 573 3704 con·
616 3676 668 3709 rem
689 3662 736 3708 sibi
760 3660 857 3709 faceret
878 3659 1029 3719 Aiigustum,
1050 3667 1137 3705 contra

50 3732 105 3779 dita
127 3737 184 3781 690.
207 3732 256 3789 vei,
277 3736 305 3777 ut
326 3730 382 3777 aliia
405 3732 498 3792 placet,
517 3736 573 3781 693.
615 3750 690 3796 quem
709 3737 844 3792 militarat,
864 3741 894 3782 ut
914 3734 1058 3794 expiicatur
1079 3733 1136 3779 Ode

49 3805 101 3850 Sub
114 3807 151 3852 bis
164 3804 574 3855 enimbeilumexarsitCaesarem
616 3821 665 3855 vir.
685 3809 810 3870 sequenti.
851 3809 975 3855 Pollionis
996 3807 1137 3855 Historiam

51 3879 118 3924 inter
138 3887 164 3924 et
188 3881 348 3941 Pompeium,
368 3889 395 3926 ut
417 3880 470 3927 sose
486 3891 573 3930 narrat
616 3885 692 3931 aitius
705 3885 839 3944 repetitam
852 3884 940 3929 voinnt
956 3883 1006 3934 eiii.
1019 3895 1137 3943 nempea

52 3952 226 4003 Florusrm.
261 3956 312 4002 Res
328 3956 414 4022 itaque
430 3969 476 4019 per
496 3971 573 4005 anuos
614 3961 749 4010 consulatu
768 3960 918 4010 Quietem
938 3956 1077 4022 Numidici,
1095 3961 1139 4025 qiri
