2408 4200
488 230 694 280 οιιιιιιιιιιιι
721 230 791 279 ιιι.
813 231 839 279 ι.
858 218 891 282 7.

230 371 365 435 Tiburis
380 371 497 435 umbra
511 374 569 436 tui.
613 371 746 436 Teucer
760 372 932 438 Salamiua
946 380 1137 460 patremque

274 469 359 534 Cum
372 470 507 553 lugeret,
522 476 629 535 tamen
645 471 712 535 uda
725 471 833 555 Iayoeo

229 569 395 653 Tempora
409 571 561 654 populea
575 571 676 635 fertur
690 572 845 637 vinxisse
860 590 994 653 corona,

274 671 332 734 Sic
347 671 458 734 tristes
474 671 595 735 affatus
609 672 759 736 amicos:

231 770 309 848 Quo
323 789 386 835 nos
400 790 544 854 cumque
557 772 640 835 leret
652 772 770 836 melior
784 770 916 838 fortuna
927 781 1076 857 parente,

270 869 409 948 Ibimus,
424 892 445 934 o
458 872 546 936 socii
562 873 790 955 comitesque:

139 1014 208 1072 glou
216 1020 308 1078 patrus
319 1022 389 1079 utque
401 1016 522 1064 &tumim
532 1015 622 1065 dieitur
632 1014 783 1064 mummium
793 1021 863 1076 supet
872 1016 928 1065 uiso
936 1019 1054 1068 madidum
1061 1021 1163 1069 cinxisse
1179 1045 1194 1063 a

141 1091 174 1124 nu
188 1080 293 1156 populeo,
308 1081 342 1129 sie
358 1081 473 1129 allocutus
483 1084 606 1130 marmtes
615 1079 716 1127 amieos.-
732 1079 811 1127 osocii
821 1085 844 1127 et
854 1080 952 1129 comites
964 1096 1089 1144 pergemus
1101 1099 1204 1146 quocum

603 1201 784 1223 OOWOO

141 1283 244 1346 uisuque
254 1287 361 1343 dolorem·
386 1285 457 1347 Lips.
466 1289 490 1333 4.
501 1286 602 1348 uitaque
613 1286 786 1334 laborm—ia
804 1284 876 1347 Llps.
888 1290 911 1334 l.
924 1291 953 1334 et
963 1287 1084 1349 Rutgers.
1099 1290 1201 1352 populun

142 1361 166 1394 a.
179 1354 338 1398 corona-26
357 1350 468 1400 Quidam
480 1364 522 1414 ap.
531 1349 589 1399 Jan.
600 1350 766 1413 parenti-26
776 1349 911 1398 Bentleius
922 1350 1031 1416 ejusque
1043 1355 1149 1403 asseclae
1161 1355 1197 1402 int

636 1459 746 1512 NOTAE

142 1567 197 1604 rem
209 1562 363 1608 asseverent.
394 1556 423 1607 Is
438 1571 516 1622 porro
532 1571 584 1608 non
600 1558 671 1607 leues
706 1561 786 1620 ⁴patre
814 1556 932 1620 repulsus
953 1563 1002 1621 est,
1022 1558 1129 1609 dolente
1151 1568 1181 1611 et

141 1627 272 1691 putandus
291 1630 392 1682 labores
410 1633 561 1683 creamine
582 1631 608 1682 iu
631 1638 671 1689 tot
709 1631 844 1694 dignante,
857 1631 925 1697 quod
936 1631 1041 1696 Ajacem
1058 1633 1167 1685 fratrem
1185 1651 1202 1684 n

140 1702 259 1753 civilibus
281 1707 442 1771 tumultibus,
465 1708 559 1773 quibus
581 1707 669 1770 Impe-
709 1707 855 1757 reduceret.
906 1707 1133 1761 Proficiscentlbns
1170 1727 1201 1761 cn

140 1779 205 1828 rium
218 1781 358 1831 Romanum
371 1797 418 1833 suo
429 1794 547 1847 tempore
561 1797 670 1833 coneus·
708 1782 844 1831 mandarat
865 1796 897 1831 ne
914 1784 982 1833 alter
999 1786 1054 1834 sine
1072 1787 1154 1835 altero
1169 1801 1197 1835 re

140 1868 197 1901 sum
216 1863 266 1915 est,
286 1864 363 1920 atque
380 1857 407 1906 in
426 1863 466 1906 tot
486 1872 572 1908 reram
586 1864 669 1906 muta·
710 1865 760 1907 ret.
781 1859 862 1921 Atqui
874 1858 942 1920 Ajax
954 1873 982 1907 se
994 1861 1049 1922 ipso
1061 1863 1200 1912 iuteremer

141 1930 263 1981 tionibus.
304 1930 366 1994 Ipse
393 1932 511 1980 nimirum
534 1947 551 1981 a
572 1932 670 1981 Senatu
710 1932 791 1981 iratus
806 1931 874 1996 quod
889 1931 1204 2000 AchillisamraUlyssi

141 2006 254 2070 primum
272 2006 358 2066 stetit,
376 2005 471 2054 delude
488 2005 520 2054 ad
537 2006 577 2055 Μ.
589 2005 670 2055 Anto·
710 2007 762 2055 tius
774 2021 849 2069 quam
861 2006 909 2054 sibi
920 2004 1030 2056 fuissent
1040 2008 1197 2071 adjudicata.

142 2080 212 2130 nium
231 2076 340 2139 defecit,
362 2085 452 2143 postea
473 2080 505 2128 sd
525 2079 669 2143 Augustum
742 2080 878 2143 Salamiua]
904 2080 1024 2142 Salamis,
1049 2083 1125 2131 hodie
1150 2084 1193 2131 Col

141 2156 272 2206 Casurum
293 2153 442 2218 transfugit.
478 2154 544 2204 Vell.
562 2154 667 2205 Patere.
710 2156 772 2205 urbs
791 2161 819 2204 et
836 2156 923 2204 Insula
939 2157 1014 2205 maris
1027 2157 1117 2220 lEgaei,
1135 2159 1161 2206 in
1183 2160 1203 2206 si

142 2229 189 2279 lib.
205 2243 236 2279 ιι.
268 2230 369 2278 Extant
386 2228 518 2278 Ciceronis
536 2228 569 2277 ad
589 2228 668 2279 Plan·
709 2232 842 2287 Saronico,
860 2231 903 2295 qui
922 2247 988 2280 nuuc
1006 2233 1102 2283 dicitur
1128 2235 1199 2295 Goljo

141 2319 201 2355 cum
217 2305 304 2364 istum,
322 2312 350 2355 et
366 2303 458 2353 Planci
470 2304 501 2355 sd
515 2304 669 2354 Ciceronem
710 2307 802 2370 Eugiu,
817 2306 884 2355 iuter
902 2306 1019 2357 Atticam
1034 2318 1062 2358 et
1079 2309 1204 2373 Pelopon

142 2381 264 2443 Epistola
275 2381 463 2445 perelegantes.
709 2397 773 2432 sum.
808 2382 867 2432 Illic
887 2385 1004 2444 regnavit
1015 2384 1140 2433 Telamon
1155 2383 1197 2448 Α]

174 2459 221 2508 Sea
232 2465 256 2508 te
266 2459 389 2520 fulgentio
400 2458 486 2519 siguis,
494 2459 547 2521 lfa]
560 2457 621 2507 Siva
634 2457 670 2505 ais
710 2465 737 2506 et
749 2457 843 2506 'I'eucri
857 2465 941 2521 pater.

140 2534 312 2598 militiae,sive
323 2534 403 2595 domi,
417 2535 482 2582 etin
496 2534 557 2582 villa
569 2541 616 2582 tua
625 2533 669 2581 Ti·
740 2537 773 2582 82
789 2533 874 2598 lmen]
892 2536 1039 2598 cognomen
1053 2544 1093 2585 est
1105 2536 1201 2586 Bacchi

141 2611 253 2662 burtina.
296 2612 426 2672 Fulgentius
445 2612 535 2675 eostru]
564 2611 669 2661 cornel.
709 2607 768 2671 uic,
777 2612 849 2671 solco,
861 2611 919 2675 quia
931 2618 1001 2660 metu
1022 2621 1049 2661 et
1067 2612 1134 2661 cuuis
1152 2613 1193 2660 viu

139 2689 203 2737 Tac.
222 2687 316 2737 Annal.
331 2700 377 2736 xv.
394 2685 584 2750 ‘Fulgentibus
601 2685 670 2749 aqui·
710 2684 812 2734 liberat.
846 2684 937 2735 Horat.
949 2701 967 2735 ι.
979 2688 1065 2756 Epist.
1077 2693 1116 2737 15.
1132 2689 1191 2738 ‘Ge

140 2764 183 2823 lis,
199 2754 339 2825 signisque,
352 2768 381 2811 et
392 2761 536 2810 simulacris
547 2762 630 2811 Deum
643 2760 670 2809 in
710 2775 793 2810 rosum
811 2771 838 2811 et
858 2762 916 2811 leue
935 2764 1047 2826 requiro,
1066 2763 1141 2814 Quod
1162 2780 1194 2812 cu

140 2837 365 2903 modnmtemplt?
397 2839 479 2888 Porro
491 2839 564 2902 sigua
575 2838 669 2887 milita·
710 2835 813 2900 abigat!
865 2836 944 2885 Ovid.
971 2838 1029 2886 Art.
1051 2837 1109 2886 Am.
1135 2853 1154 2887 ι.
1179 2843 1203 2888 2’

139 2915 179 2963 ria
199 2929 245 2965 seu
267 2915 363 2965 uexilla
385 2921 454 2978 sunt,
479 2914 582 2979 aquilae,
609 2914 669 2963 dra·
710 2911 1201 2972 ‘Vinaparentanimus...Tuncdolor,

139 3005 225 3053 eones,
235 2991 302 3055 apri,
312 2990 376 3054 lupi,
384 2991 453 3055 equi,
465 2990 614 3052 minotauri,
621 2993 670 3037 dcc.
711 2999 790 3046 curae,
801 2996 917 3043 rugaque
928 2982 1020 3030 frontis
1032 2982 1105 3030 abit!

139 3066 207 3115 Vide
218 3070 313 3129 Veget.
334 3067 367 3115 de
387 3069 426 3117 Re
446 3067 526 3115 lllilit.
537 3080 569 3114 ιι.
584 3070 625 3114 ltt.
642 3072 689 3113 ιιι
742 3062 774 3103 2³
795 3057 910 3112 Tempora
929 3057 1027 3114 populea
1037 3056 1119 3111 serem
1137 3056 1203 3102 muer

139 3153 184 3190 ιιι.
196 3147 221 3188 5.
235 3133 305 3188 Pliu.
317 3153 345 3187 x.
355 3142 381 3187 l.
711 3130 808 3189 curcua]
827 3127 869 3172 ltu
880 3139 907 3172 se
919 3127 1022 3173 Teucer
1033 3127 1136 3175 iustruit
1151 3129 1200 3176 adv

173 3216 204 3262 at
225 3211 322 3260 utura
332 3208 609 3268 umbramquenmm
627 3222 672 3255 uo·
713 3216 756 3248 sus
776 3213 907 3247 moerores.
942 3200 1037 3248 Vinum
1049 3200 1142 3260 eumit3
1160 3218 1204 3264 μοι

140 3293 181 3337 m
192 3286 260 3335 ,511oe
271 3297 373 3344 nemus,
387 3282 455 3347 qnod
468 3282 583 3331 umbram
596 3296 673 3330 amm.
713 3274 755 3322 lea
767 3289 794 3322 se
806 3288 898 3322 corona
910 3274 1021 3339 redimit,
1032 3290 1078 3326 seu
1093 3277 1161 3342 quod
1174 3277 1200 3325 Η

139 3376 200 3412 ιιιιιι
223 3360 406 3424 praetenderet.
451 3358 519 3409 Vide
541 3364 634 3423 postea
652 3371 672 3407 ι.
712 3350 762 3400 culi
780 3347 910 3399 sacrificet
928 3351 965 3400 sic
985 3359 1089 3402 ornatus
1107 3367 1140 3402 ex
1159 3366 1201 3400 mo

142 3436 194 3485 od.
207 3438 248 3483 18.
259 3441 287 3482 et
296 3448 330 3481 ιι.
341 3433 393 3483 Od.
403 3440 427 3483 u.
439 3443 463 3485 5,
475 3435 563 3500 ibique
575 3434 639 3484 Not.
711 3440 756 3475 seu
767 3426 800 3475 ad
812 3426 1004 3489 significandum
1015 3429 1092 3478 auimi
1108 3428 1200 3478 sortitu

177 3510 264 3558 Teucer
271 3507 401 3567 Salumias,
408 3511 460 3573 δια]
473 3511 671 3573 Exemplo'l'eu.
710 3517 776 3552 uem.
812 3503 877 3551 Nam
895 3504 971 3566 liujus
987 3505 1131 3568 syurbolum
1143 3509 1183 3552 est
1201 3524 1204 3545 ι

141 3587 178 3636 cri
198 3583 305 3633 fortiter
318 3580 426 3630 adversa
440 3586 597 3645 surstinentis,
612 3585 670 3634 lior·
710 3580 783 3641 pulue
801 3579 875 3626 arbor
888 3578 997 3627 Herculi
1014 3593 1095 3626 secte·
1128 3579 1194 3626 Dem

142 3669 213 3709 tatur
225 3660 354 3707 Plancum
367 3664 395 3704 ut
407 3656 504 3718 pariter
516 3659 588 3705 sortis
599 3659 633 3706 sit
643 3660 669 3706 iu
711 3654 744 3700 ad
758 3667 843 3699 omues
854 3651 963 3701 fortunae
974 3668 1050 3700 casus
1061 3653 1142 3701 socios
1154 3667 1201 3714 par

142 3733 251 3783 sortuuae
282 3731 467 3792 vicissitudine,
495 3732 612 3796 vinoque,
640 3742 669 3781 ut
742 3734 773 3776 24
794 3730 896 3791 Tristes]
916 3721 966 3777 'ob
986 3730 1102 3789 exilium,
1121 3736 1149 3776 et
1169 3745 1201 3792 qu

144 3808 194 3865 ille,
204 3807 321 3870 depellat
332 3819 413 3853 curas.
710 3803 849 3853 carendum
867 3811 935 3851 essct
956 3805 1050 3863 putria,
1067 3818 1123 3866 quae
1136 3818 1187 3852 sem

177 3882 297 3932 Salamiua
317 3888 455 3944 putremque
480 3882 539 3930 Cum
559 3883 667 3945 fugeret]
710 3879 841 3928 carissima
865 3878 980 3938 cuilibet,
998 3878 1080 3926 dulcis
1100 3885 1175 3943 atque
1192 3882 1203 3943 j

146 3956 208 4006 Post
223 3959 413 4022 expeditionem
431 3957 566 4019 Trojanaur
584 3972 668 4006 rever·
710 3954 804 4010 crurda,
816 3959 844 3999 ut
857 3953 891 3999 ait
904 3952 994 4001 Cicero
1006 3954 1031 4001 in
1044 3955 1120 4003 Catil.
1131 3969 1170 4004 rr.

147 4046 189 4078 sus
208 4035 232 4081 in
251 4034 362 4096 patriam
381 4035 481 4082 Teucer
500 4047 515 4080 a
533 4032 669 4081 Telamone
689 4066 692 4072 .
742 4035 773 4078 25
787 4029 872 4076 Melior
883 4029 982 4085 fortune
993 4033 1099 4093 parente]
1114 4033 1197 4091 Namp

211 4113 297 4173 Detpl.
308 4121 331 4160 et
346 4115 402 4161 Vae.
414 4114 479 4160 Cloe.
668 4110 755 4156 Horat.
1146 4111 1169 4151 (J
