2408 4200
403 281 438 339 Q·
463 274 621 327 nonaru
648 276 779 325 atroci

220 421 345 498 Adria,
359 420 451 497 novi,
467 420 569 496 sinus,
583 425 616 482 et
630 417 711 502 quid
728 416 824 481 albus

478 520 602 584 Peceei
616 520 738 603 Iapyx.

221 622 377 688 Hostium
393 640 515 686 uxores
531 621 693 702 puerique
707 635 818 682 caecos

221 723 374 786 Sentiant
389 731 500 785 motus
515 720 651 784 orientis
666 717 795 793 Austri,
810 720 843 779 et

222 822 381 905 AEquoris
397 822 478 900 nigri
492 819 666 894 fremitum,
682 826 714 880 et
728 821 899 880 trementes

478 921 627 983 Verbere
642 921 742 999 ripas.

164 1010 281 1084 “Sie
295 1026 328 1084 ei
343 1019 475 1102 Europe
490 1018 623 1081 niveum
638 1017 758 1081 doloso
1103 1018 1151 1082 25

55 1224 124 1279 utque
137 1217 210 1277 fedat
223 1217 300 1281 Iapyx
310 1231 412 1265 sonas.
446 1214 598 1275 Contingent
611 1212 662 1276 trit
676 1211 777 1260 lrortirrar
791 1211 943 1273 experienter
959 1202 1058 1260 occultos
1069 1218 1150 1262 norae

55 1282 140 1330 Austri
149 1280 275 1344 sargiatu,
286 1286 309 1329 et
319 1281 432 1329 tamaltio
442 1281 491 1327 otri
503 1278 584 1338 moria,
594 1293 622 1325 or
632 1277 715 1325 littora
725 1277 811 1324 utitur
821 1277 940 1339 fluctuem
955 1291 1071 1324 marma.
1106 1276 1152 1324 Ite

511 1417 646 1438 OOOOOOOO
647 1417 690 1436 m

57 1518 179 1568 convenit
190 1518 322 1567 monitoria
335 1515 438 1566 affectui
450 1518 558 1577 simplex
576 1515 718 1579 punctum!
733 1516 868 1564 dori-lb
886 1514 986 1563 Hadria
1003 1515 1028 1563 in
1039 1513 1148 1577 quibua·

57 1585 125 1631 darn.
161 1582 225 1629 Vide
236 1581 297 1628 Var.
310 1582 395 1629 Lecti.
408 1581 439 1629 ad
453 1595 471 1628 r.
488 1581 540 1629 Od.
550 1585 574 1629 3.
590 1584 628 1628 15.
649 1582 710 1627 altra
721 1586 773 1628 ret.
791 1579 847 1627 cod.
863 1578 897 1627 Η.
910 1580 998 1641 Stepb.
1010 1577 1094 1627 Praei.
1114 1578 1152 1627 ad

59 1648 208 1694 [tecit-22
219 1644 306 1691 Austri
318 1644 392 1691 Harl.
403 1648 426 1691 1.
438 1647 492 1692 Μ.
504 1649 528 1692 4.
539 1649 563 1692 5.
575 1649 600 1690 o.
611 1653 637 1691 et
646 1657 732 1691 ornnes
740 1643 783 1691 alii
793 1642 869 1692 codd.
881 1657 938 1690 earn
951 1643 1010 1691 edd.
1020 1643 1154 1706 obliquiu

58 1710 174 1756 llluretrra
183 1707 278 1769 primus
289 1706 362 1755 dedit
372 1707 446 1754 Hoedi
458 1722 489 1754 ex
498 1720 540 1754 ur.
553 1706 802 1769 0d,1.aa.eumque
813 1715 918 1755 secutus
930 1706 1070 1754 Lambinus
1082 1708 1155 1755 uude

58 1774 82 1819 in
96 1770 335 1833 plrrreeedd.renit.
351 1771 533 1832 urtriauspicio
546 1784 587 1831 ap.
600 1769 690 1819 Jones.
704 1785 778 1834 quam
797 1771 924 1833 improbat
934 1769 1002 1819 Jani.
1018 1774 1041 1816 et
1054 1771 1080 1818 iu
1096 1769 1153 1819 ase

60 1850 97 1883 va.
113 1838 187 1884 abeat
199 1849 213 1881 a
225 1834 359 1881 Pulmauni
380 1833 467 1881 iluna.
484 1833 630 1881 Helmstad.
648 1834 742 1882 Veuet.
761 1837 834 1882 1492.
865 1834 969 1882 Aseeoa.
981 1834 1091 1895 cuning.
1103 1834 1155 1882 Sa·

59 1899 119 1948 nod.
140 1899 254 1955 Francia,
276 1907 303 1947 et
320 1898 440 1956 'sowers3
458 1896 548 1959 ‘quia‚’
566 1897 650 1959 iuquit
666 1897 776 1959 Cuniny.
794 1897 946 1946 ‘conveniat
963 1896 1153 1958 imprecationi

59 1962 183 2011 dissoluta
194 1961 292 2012 oratio!
324 1961 390 2009 ‘Sed
408 1962 529 2010 convenit
547 1961 627 2010 multo
645 1976 685 2009 ma
703 1961 742 2023 ia,’
759 1963 842 2024 iuquit
857 1961 925 2020 Jani,
939 1960 1153 2020 ‘polysyndeton

61 2028 104 2073 tali
118 2025 379 2073 vehernentia.'—21t.
392 2029 423 2073 tt
440 2025 549 2087 Cuuing.
567 2033 594 2073 et
617 1977 710 2073 Sauad.
723 2025 764 2074 bic
782 2027 860 2074 etiam
872 2024 990 2072 omittunt
1001 2027 1031 2070 et.
1055 2021 1109 2072 nte
1121 2028 1151 2073 2.

60 2092 197 2136 tremendus.
216 2087 328 2136 Bentleii
341 2089 406 2149 Reg.
425 2090 483 2137 Soc.
503 2089 624 2137 trementis
638 2089 740 2138 Verbera
756 2089 830 2151 ripoe,·
851 2089 925 2137 etsie
943 2086 1022 2136 edidit
1033 2086 1152 2149 Cuoing.

61 2157 185 2199 trementer
208 2151 309 2199 Verbera
331 2151 396 2214 ripas
416 2151 489 2201 dedit
512 2154 620 2201 Baxter.
640 2158 759 2212 gementes
777 2154 846 2214 conj.
868 2152 953 2200 Beati·
975 2156 998 2199 et
1020 2155 1151 2200 trementes

65 2214 164 2263 Verbere
185 2215 250 2276 ripae
273 2215 347 2264 Harl.
372 2220 392 2264 l.
409 2221 434 2266 2.
457 2220 481 2264 t.
501 2219 525 2263 4.
544 2222 568 2264 t.
589 2224 613 2265 a.
637 2218 677 2264 atii
699 2216 774 2265 codd.
795 2226 823 2266 et
839 2216 899 2265 edd·
918 2215 995 2264 etsie
1010 2214 1075 2277 legit
1092 2215 1156 2264 Nic.

61 2278 184 2326 Heinsius
206 2279 238 2326 ad
258 2279 336 2327 Ouid.
359 2280 384 2328 in
403 2279 522 2328 Addend.
544 2280 687 2328 adterat.
710 2284 803 2342 pilo.
843 2280 910 2329 Vide
938 2280 1027 2328 Burro.
1049 2279 1156 2327 adVal.

62 2342 149 2393 Flace.
160 2355 190 2391 rr.
201 2346 241 2391 78.
274 2344 366 2391 Sanad.
378 2357 456 2405 rupes,
466 2358 512 2405 pro
522 2345 596 2406 ripas,
604 2342 693 2391 eadem
706 2345 739 2391 de
750 2357 834 2397 cansa,
844 2345 877 2392 ob
890 2358 965 2408 quam
978 2343 1062 2392 Bentl.
1082 2343 1156 2390 role-

63 2407 107 2455 bat
120 2412 246 2467 gemetica,
256 2422 291 2455 ac.
302 2409 362 2469 quia
374 2408 522 2468 rravigantcs
535 2408 559 2454 in
578 2408 706 2454 alternari
720 2421 768 2454 non
787 2409 885 2469 possint
900 2408 995 2456 sentiro
1008 2412 1153 2455 trementes

64 2472 142 2532 ripae,
154 2471 240 2518 audire
259 2480 388 2531 gementes
408 2472 578 2531 possint-25
594 2471 661 2532 Lips.
675 2476 696 2518 l.
707 2476 732 2518 ⁶2.
750 2471 792 2517 Sic
801 2478 824 2520 et
839 2473 1010 2534 Europe-26
1027 2471 1112 2518 Bentl.
1125 2475 1155 2517 ot

63 2540 197 2589 ecotrrrtem,
209 2535 268 2596 quia
277 2535 311 2580 sit
322 2535 467 2592 antitbeaia5
484 2533 519 2580 ric
532 2541 560 2581 et
570 2534 637 2582 Sivr.
661 2534 721 2582 ‘lta
731 2543 789 2596 post
799 2536 946 2584 Bentleinm
956 2536 1010 2598 ipre
1022 2534 1155 2595 corrigen-

560 2677 665 2726 Notffi

95 2787 421 2849 ultramuraneum]
450 2788 481 2837 In
501 2790 588 2839 iroates
631 2793 811 2840 Verumtamen
834 2792 894 2856 qnid
922 2799 993 2841 vetat
1018 2790 1156 2841 Horatium

67 2872 200 2912 vertantur
211 2868 238 2910 et
250 2863 349 2911 irruant
360 2864 426 2911 mala
443 2864 557 2927 qtrarvis:
576 2880 591 2913 a
632 2866 747 2915 Galateae
766 2868 924 2916 interminari
944 2867 1056 2922 Orionis,
1074 2867 1157 2916 bosti-

67 2942 178 2990 Galatea
192 2947 347 2989 avertantur.
633 2942 678 2990 bus
692 2956 750 2989 vero
761 2942 891 2991 haedorum
904 2943 1105 3003 malignitatem?

99 3017 294 3066 CocosSeatiorrt
306 3022 381 3064 ruotus
392 3018 489 3065 orientia
496 3016 592 3078 Austri]
663 3021 693 3064 25
706 3017 749 3065 Sic
765 3022 787 3065 et
806 3018 907 3078 Europe,
917 3016 968 3078 tea]
983 3015 1046 3063 Vide
1059 3029 1090 3062 ne
1104 3016 1155 3065 tibi

66 3094 237 3144 bleridianum
248 3093 312 3140 bunc
322 3101 425 3141 venturu
437 3094 536 3156 ignorat
547 3108 590 3141 no·
632 3093 765 3153 coutingat
781 3093 806 3138 id
825 3095 892 3154 qnod
913 3091 1019 3154 contigit
1032 3091 1156 3154 Europae.

66 3184 107 3216 nro
120 3170 192 3217 valde
204 3183 259 3216 esse
271 3169 450 3228 procellosum.
633 3166 705 3223 Rrec,
712 3173 870 3212 rnansuetunr
879 3177 905 3214 et
914 3166 1046 3215 amabilem
1055 3171 1160 3216 taurum

100 3248 178 3291 t'aecos
189 3243 273 3303 metra]
292 3242 401 3292 Quidam
423 3244 590 3304 interpretau-
631 3241 787 3300 conspicata,
799 3255 848 3287 uon
863 3252 901 3289 eat
916 3245 998 3293 verita
1010 3244 1064 3307 ejus
1083 3252 1159 3307 tergo

66 3323 117 3376 tur,
135 3323 280 3374 nocturnos,
292 3330 322 3362 eo
337 3317 404 3377 quod
419 3318 512 3363 ‘noctu
526 3315 591 3363 Aua·
631 3313 835 3375 puiueremque
847 3317 925 3365 etiam
935 3321 1012 3368 maris
1022 3321 1086 3367 inire
1097 3319 1160 3369 fluc-

66 3396 115 3445 ter‚
135 3390 247 3437 interdiu
258 3390 350 3450 Aquilo
368 3391 592 3437 vehementior..·
632 3395 672 3435 uu
684 3395 711 3436 et
728 3389 894 3441 inambulare.
929 3397 965 3444 At
981 3397 1102 3458 poenituit
1120 3411 1161 3446 ω.

65 3469 92 3510 et
106 3460 203 3509 Austro
222 3463 332 3522 majores
350 3461 442 3509 tinctus
463 3460 593 3519 eduntur,’
632 3465 683 3511 rius
695 3480 752 3512 curu
770 3482 797 3514 se
816 3477 935 3519 avertam
954 3471 1051 3531 longius
1067 3473 1163 3521 sensit.

66 3536 134 3584 Plin·
146 3548 176 3582 rr.
188 3540 229 3583 47.
242 3537 266 3581 in
277 3533 336 3581 fine.
356 3534 407 3580 Alii
419 3535 505 3594 legunt
516 3536 591 3583 orien-
629 3540 672 3587 Sic
686 3548 722 3601 tn,
734 3541 852 3598 Galatea,
868 3545 993 3606 placidam
1007 3556 1071 3588 nunc
1084 3557 1162 3597 mare

65 3616 97 3660 tir
108 3611 177 3657 bodi.
213 3611 252 3656 De
270 3607 400 3655 lmuomm
416 3618 508 3657 exortu
527 3618 591 3658 tenr-
632 3615 700 3663 ultro
715 3620 882 3665 conscendis:
901 3624 926 3663 at
943 3628 1000 3662 mox
1017 3616 1162 3675 poenitebit

67 3693 196 3751 pestuoso,
208 3683 267 3731 side
281 3682 344 3729 Not.
355 3683 430 3744 tnrjus
440 3684 498 3731 libri
508 3685 559 3733 od.
574 3700 591 3734 1.
632 3697 666 3748 te,
679 3704 737 3737 cum
750 3693 876 3740 turbatum
888 3704 917 3737 ac
927 3689 1045 3749 procellis
1058 3692 1162 3748 elatum

66 3761 205 3824 Stroplr.7.
225 3758 354 3821 Numquid
367 3772 515 3820 verosagax
527 3762 590 3809 Poe'·
632 3765 773 3814 intuebere.
805 3767 907 3825 Europa
926 3778 940 3810 a
957 3763 1023 3812 Jove
1042 3765 1067 3813 in
1089 3777 1162 3822 tauri

67 3834 528 3904 tajunxiasetlraedorumortumcum
540 3837 592 3886 Oc·
632 3840 737 3888 formant
765 3852 888 3887 converso
913 3839 1036 3902 decepta,
1058 3857 1162 3904 arcora,

68 3933 130 3966 casu
151 3914 264 3973 (irionis,
286 3925 361 3975 quern
390 3911 465 3959 modo
488 3915 592 3961 attulit?
635 3918 784 3964 vitiatacst:
805 3921 831 3960 tu
845 3913 877 3961 ab
890 3913 988 3977 iapyge
1002 3917 1160 3984 Aristroquc,

70 3995 119 4043 Hic
138 3991 263 4056 siquidem
282 3989 358 4049 longe
377 3995 416 4035 est
435 3995 492 4048 pout
514 3988 593 4037 illuni.
634 3992 726 4047 ventis,
739 3999 765 4038 et
777 3988 808 4037 ab
821 3988 917 4038 Orione
931 3991 1057 4055 lraedoque
1070 3995 1161 4046 sideri·
