2408 4200
398 290 431 348 Q.
454 287 615 336 nondun
642 287 714 337 FLA
725 289 784 337 ccl

191 428 270 493 Huc
286 429 364 492 vina
379 433 415 492 et
428 435 597 510 unguente
610 434 643 493 et
656 429 793 492 nimium
807 429 923 493 breves

189 530 306 594 Flores
320 549 459 593 umoenae
474 530 560 592 ferre
571 529 654 612 jube
664 548 764 606 rosae,

232 629 320 692 Dum
336 649 389 692 res
404 638 438 693 et
454 637 538 694 retas
553 637 587 693 et
601 649 751 693 sororum

274 729 350 793 Fila
364 731 463 793 trium
478 729 648 813 patiuntur
663 737 748 793 atra.

187 828 295 894 Codes
310 829 450 893 co'emtis
464 830 617 905 saltibus,
633 835 668 892 et
682 829 792 904 domo,

187 928 358 1012 Villaque,
370 928 479 993 davus
495 948 596 1011 quem
610 929 744 993 Tiberis
759 929 863 994 lavit:

59 1147 82 1191 et
94 1141 248 1205 oolrlefluxor
258 1139 439 1203 mocrumflom
447 1145 529 1201 mter
538 1144 617 1189 tom
627 1141 748 1204 apportari
758 1155 833 1198 curum·
848 1143 903 1188 dum
911 1140 990 1190 uiuunt
1000 1154 1039 1188 rer
1051 1155 1079 1189 oc
1087 1144 1146 1187 tem·

55 1221 109 1269 prr-r,
121 1212 143 1254 el
154 1206 335 1266 nigromantiam
344 1205 416 1253 trium
428 1204 547 1253 Sororum
581 1204 707 1267 Relinque
723 1206 839 1253 enimvero
852 1207 945 1253 tondent
962 1219 1054 1252 umoru
1069 1203 1146 1266 pretio

57 1275 199 1333 comparatu,
210 1275 233 1320 et
242 1272 314 1333 oder,
324 1274 347 1317 et
358 1269 439 1317 nillum
447 1283 515 1331 ouum
525 1268 589 1329 riget
594 1269 676 1332 floour
689 1269 790 1319 lilerio.
825 1269 891 1316 Hirro
901 1267 1057 1330 demigmbiu
1073 1267 1148 1314 lroereo

59 1538 125 1585 reor,
140 1538 171 1572 ue
188 1533 286 1587 qucuut
296 1542 340 1588 quo
355 1527 389 1574 uit
407 1523 550 1587 glottema!
566 1525 709 1573 zeum-18
729 1525 851 1589 Plerique
869 1524 943 1574 codd.
965 1521 1077 1587 Cruquii‚
1090 1522 1145 1584 ipro

58 1589 137 1649 Cruq·
148 1588 258 1649 Cuniug.
271 1587 366 1636 Snund.
381 1589 450 1642 doni,
465 1588 569 1636 Mitrch.
584 1595 612 1635 et
628 1589 732 1650 Bipout.
744 1589 838 1644 brevia
856 1589 980 1636 nicetium
994 1588 1088 1634 Venet.
1105 1600 1145 1646 ap.

59 1650 140 1697 (leon.
157 1658 183 1697 et
201 1651 285 1699 Schol.
298 1650 393 1703 Acron,
407 1652 461 1713 qui,
473 1651 559 1707 meniu,
571 1650 663 1713 inquit,
675 1651 802 1711 genitivum
814 1658 861 1698 ert.
896 1651 1005 1698 Placere
1021 1651 1098 1697 etiam
1110 1651 1147 1696 vi·

58 1713 133 1760 detur
143 1713 287 1761 Torrentio.
314 1713 388 1762 Hori.
398 1719 419 1759 1.
430 1718 455 1760 2.
467 1716 491 1761 8.
504 1718 528 1760 l.
540 1719 564 1761 5.
573 1716 597 1761 u.
615 1712 657 1760 elli
669 1728 727 1761 cour
739 1712 799 1759 edd.
812 1713 899 1760 erb.
916 1714 1034 1760 Torreut.
1050 1713 1144 1773 Delph.

57 1776 186 1824 Sehrevel.
198 1777 281 1826 Boud.
293 1777 384 1825 Minci.
396 1776 483 1824 Bentl.
495 1776 587 1824 Heius.
606 1776 638 1824 R.
653 1783 681 1824 et
697 1775 731 1824 tl.
743 1775 832 1837 steph.
844 1777 920 1823 Bext.
932 1775 1022 1822 Coruh.
1034 1776 1143 1822 Wetzel.

57 1838 159 1887 Wohel.
171 1847 196 1887 et
211 1839 290 1889 Kidd.
301 1839 453 1888 breuem-ld
471 1840 549 1902 Cruq.
562 1838 668 1901 Cuning.
680 1838 774 1888 Sennd.
793 1838 864 1899 Juui,
880 1839 984 1886 hlitoclt.
995 1846 1021 1885 et
1036 1838 1141 1898 Bipout.

57 1917 156 1950 cmoeuor
163 1919 172 1959 ,·
187 1905 194 1929 ‘
206 1912 232 1950 et
243 1905 280 1952 ric
291 1903 427 1965 legendum
440 1903 644 1964 neceesarium,
662 1903 683 1949 ol
696 1903 822 1965 placuerit
834 1903 911 1949 breuis
922 1915 957 1948 vr.
968 1900 1017 1949 is!
1034 1901 1143 1948 Zmil.—

58 1968 89 2012 18
105 1967 192 2014 ‘Male
206 1975 263 2028 port
273 1967 331 2015 looit
342 1966 467 2030 mojorem
487 1965 678 2015 distinctionem
692 1966 808 2028 plurimu
828 1965 887 2013 edd.
904 1972 1012 2027 ponunt,
1031 1979 1087 2024 quae
1099 1964 1144 2011 de·

56 2042 122 2077 mum
135 2036 194 2092 pont
207 2031 280 2079 Cedet
297 2029 434 2094 ponende?
449 2031 517 2078 duni.
550 2027 653 2079 Wakef.
670 2028 839 2093 interpuuglt‚
854 2030 927 2076 Cedro
946 2044 966 2077 c.
985 2044 1006 2076 r.
1024 2034 1047 2075 et
1061 2030 1143 2084 doum

546 2172 653 2224 NOTAE

55 2287 135 2336 nure!
167 2287 207 2337 Ex
219 2290 286 2339 Nou.
297 2291 433 2340 Marcello.
619 2287 732 2352 vitroque
745 2287 878 2336 terminum
887 2283 1000 2333 definire.
1018 2283 1087 2331 Hinc
1098 2298 1142 2332 no-

88 2367 117 2411 rt
135 2362 427 2427 Hucniuoetuugueuto‚
444 2364 496 2426 iso]
522 2363 577 2413 luto
618 2363 728 2411 meuvel
747 2378 762 2410 o
780 2360 916 2424 partiendo
932 2360 1044 2413 vitr,vel
1064 2373 1140 2406 ouon

55 2435 86 2482 nd
106 2437 223 2486 laetitiunr
240 2440 354 2488 adhiberi
369 2447 504 2498 consuetu,
520 2437 577 2486 fure
617 2437 746 2500 parcendo
759 2452 805 2499 per
817 2435 981 2495 antiphrasin.
1016 2432 1140 2493 Quidigi·

54 2508 185 2558 docuimus
199 2526 216 2559 ι.
229 2513 281 2560 0d.
293 2519 332 2561 86.
345 2519 384 2563 38.
397 2522 424 2561 et
436 2514 503 2561 olibi.
618 2521 660 2561 tur
670 2514 784 2576 Scaliger
802 2513 828 2560 ln
847 2511 982 2559 Horutium
1001 2508 1142 2556 excandes-

87 2584 194 2630 Niminm
206 2587 284 2633 hreoer
295 2588 389 2647 Floret,
397 2590 449 2652 dre]
466 2588 576 2647 Elepuuo
616 2590 661 2650 cit,
671 2590 739 2653 quod
750 2596 804 2637 otro
816 2587 943 2650 diensem,
956 2587 1014 2633 vitoe
1028 2586 1141 2647 lucisque

55 2659 233 2723 Epigramma:
249 2664 349 2712 ‘Quom
366 2664 439 2726 longo
452 2664 576 2725 uuodies,
616 2666 709 2713 ueriem
721 2665 857 2726 trahentia,
870 2678 927 2726 quae
940 2666 947 2689 ⁴
958 2660 1075 2709 crudido'
1096 2676 1141 2721 po-

53 2742 116 2783 tetur
138 2744 188 2783 tam
207 2738 284 2799 longo
302 2752 424 2796 rosarum,
444 2740 514 2789 eroc
531 2753 577 2800 pu·
618 2741 678 2800 tius,
691 2741 774 2804 iuquit
787 2741 839 2800 ille,
855 2738 903 2786 dici
923 2737 1053 2799 oportuit?
1080 2737 1141 2783 tlte·

53 2810 188 2859 beoceuter
214 2813 307 2872 junctu
340 2820 443 2860 reuecta
477 2815 578 2875 premit.
617 2816 668 2863 uim
692 2816 771 2863 Ouid.
796 2815 821 2862 iu
842 2814 881 2861 lb.
901 2816 958 2860 246.
979 2811 1011 2858 de
1032 2811 1140 2857 Clotho:

53 2885 137 2932 Quum
155 2884 230 2931 modo
247 2893 393 2933 nascentem
413 2886 501 2933 rutilus
519 2901 577 2934 cou-
617 2891 718 2939 ‘Nevit
735 2900 761 2938 et
774 2887 867 2936 infesta
879 2887 987 2934 stamina
1008 2884 1076 2945 pulta
1089 2900 1140 2931 ma.

52 2959 138 3020 rpexit
155 2960 232 3020 Eous,
248 2960 322 3008 Hunc
339 2962 439 3009 rediens
451 2975 508 3009 tero
521 2976 576 3009 res·
616 2965 668 3011 uu:
700 2957 756 3025 Eg'o
772 2976 832 3009 vero
853 2960 961 3021 otrofitu
979 2972 1084 3004 sororum
1103 2958 1140 3004 iu·

53 3047 115 3095 pere
127 3034 190 3082 vidit
203 3035 297 3083 nuum!
616 3046 746 3100 terpretor
762 3037 805 3085 fita
822 3037 973 3091 Parcarum,
996 3046 1052 3094 qure
1076 3039 1140 3079 etrae

86 3111 114 3154 15
132 3109 196 3156 Dum
208 3123 246 3156 rer
263 3116 286 3157 et
303 3116 372 3169 ctos,
384 3111 438 3173 ism]
464 3111 532 3159 Dum
546 3112 575 3159 li·

52 3191 94 3231 cet
117 3197 162 3245 per
185 3186 349 3247 tranquillum
369 3195 576 3249 remoraturum,

52 3273 99 3320 per
117 3260 289 3319 Juveututem,
318 3275 363 3319 per
383 3262 442 3309 vitoe
465 3276 576 3322 turturum,

52 3347 127 3395 quum
140 3331 281 3393 largiuntur
290 3348 320 3380 ae
330 3344 465 3396 prorogant
476 3337 575 3384 Porcae.

51 3410 91 3455 De
104 3409 142 3455 hir
154 3409 198 3455 lib.
211 3423 230 3456 1.

85 3489 115 3530 lli
133 3485 187 3530 Filu
204 3484 277 3530 trium
294 3484 417 3544 poliuntur·
434 3488 499 3548 utro]
516 3488 573 3535 Clo-

52 3561 104 3618 tho,
123 3559 251 3616 Lachesis,
270 3558 390 3619 Atropos,
402 3573 503 3606 sorores
522 3570 574 3608 tres

50 3634 195 3683 mortalium
208 3634 284 3678 vitam
306 3641 333 3680 et
354 3632 406 3679 futu
427 3649 515 3695 regere
534 3651 574 3683 ou·

50 3709 204 3772 perstitiosis
216 3708 343 3754 veteribus
352 3708 474 3756 creditre:
494 3712 575 3772 prima

50 3789 132 3835 colum
145 3793 246 3847 gesture
264 3799 420 3847 pensumque
434 3789 503 3834 velut
522 3802 571 3835 mu-

50 3865 139 3909 terium
161 3864 218 3907 vitu>
237 3861 378 3908 hominum:
399 3863 480 3909 ultera
502 3877 571 3920 nere,

49 3949 78 3980 uc
93 3946 189 3982 stamen
202 3937 296 3982 ducere
316 3951 360 3983 seu
379 3945 461 3984 rtrum
475 3953 519 3984 scu
536 3939 571 3985 ul·

52 4009 109 4054 hum
123 4019 197 4065 prout
211 4011 278 4056 houu
291 4013 329 4058 vol
343 4012 407 4057 utalu
424 4012 571 4073 dispensan-

63 4098 104 4108 ...η
125 4082 199 4108 inrui-r
212 4082 319 4108 ,lmdmm
332 4085 346 4108 a
412 4086 441 4108 ..ι
460 4101 472 4108 ..

616 3113 690 3162 morti
718 3118 841 3175 proruunt,
875 3110 989 3172 ipsaeque
1017 3107 1140 3155 dicuntur

616 3197 688 3245 atro,
701 3188 785 3237 Erebo
796 3195 823 3234 et
836 3187 919 3234 Nocte
929 3184 1049 3232 videlieet
1062 3192 1139 3242 uutae,

615 3279 648 3312 cx
657 3264 744 3312 Tullio
757 3263 789 3311 de
803 3263 864 3310 Not.
878 3262 954 3307 Deor.
965 3273 1006 3306 ιιι.
1020 3274 1045 3306 n.
1058 3264 1099 3307 ll.

648 3344 677 3388 1⁷
696 3342 770 3386 Codes
786 3338 880 3385 coimtio
897 3335 1009 3397 cultilius}
1026 3335 1137 3382 Tandem

615 3427 714 3461 umoeua
726 3414 795 3471 villu,
808 3425 906 3469 nemus,
921 3411 991 3458 aedes
1009 3411 1137 3473 opulenter

615 3504 645 3537 uc
657 3487 798 3550 splendido
818 3496 875 3533 sunt
895 3486 1036 3535 descrendo
1048 3502 1077 3534 uc
1088 3487 1139 3533 hm·

616 3564 669 3611 redi
682 3561 855 3622 relinquendo.

649 3643 677 3686 18
697 3638 788 3686 Tiberis
807 3635 877 3695 lucil]
896 3635 985 3694 nituit,
1005 3638 1081 3696 rigat,
1094 3635 1137 3680 hu·

615 3723 719 3774 mrctut,
748 3729 779 3761 ex
808 3710 953 3759 Ptirclauo:
983 3727 1037 3771 pru,
1067 3713 1137 3756 locut.

614 3791 711 3836 Dixere
733 3788 824 3848 pnsum
845 3795 955 3844 veterum,
973 3792 978 3810 ¹
994 3781 1094 3830 luvere'
1109 3793 1136 3829 et

614 3863 735 3909 ‘lavere'
748 3862 814 3908 Non.
829 3860 944 3906 Illorrell.
967 3857 1076 3904 Ennius:
1086 3858 1093 3881 ⁴
1102 3858 1137 3903 la.

615 3953 673 3984 vere
686 3935 804 3998 lucrymis
814 3942 909 3981 vestem
923 3930 1068 3979 sordidam)
1082 3934 1135 3977 Vir·

613 4012 657 4073 gil.
678 4014 774 4071 Georg.
793 4023 836 4058 ut.
849 4013 907 4057 ⁴221.
921 4008 928 4032 ‘
944 4004 1004 4050 lavit
1016 4015 1071 4052 uter
1085 4008 1136 4054 vul·
