2408 4200
57 224 101 291 nt
214 298 219 305 ,
405 236 535 289 aaran
558 236 795 289 acuamur.

97 382 128 439 a.
147 376 359 437 temnenda
379 374 578 457 neetyheou.
618 374 819 437 attamen
838 371 1146 457 ammam

54 471 204 533 lochium:
219 470 266 529 nin
276 470 306 530 in
321 468 496 549 Dactylum,
509 468 707 533 Alcmaninm.
735 466 919 531 -Haxtmalri
936 468 1043 549 depn
1053 473 1146 549 ἅμ·
1182 472 1186 489 ’

56 570 176 627 torax
201 560 747 645 pa'rteauperiorevarauardlpopeu
772 562 1145 635 lunaBulleanetri.

55 654 198 720 Bucolica
216 668 306 732 tome,
332 659 365 718 in
390 657 603 720 Tatrtmetrnm
625 656 811 719 Memmium
840 654 994 719 Paetornle
1017 658 1145 719 Carmen

55 752 224 825 Theocrito,
237 770 326 832 quam
336 750 460 831 Virgilio
471 749 657 832 loquentiu·
669 749 803 813 caditur.
831 748 1144 832 communiam-

52 854 161 913 metrm
174 865 199 907 r.
215 843 275 905 Od.
290 847 321 906 7.
335 846 386 906 78.
407 842 588 925 Epod.-xri.

96 942 126 1001 6.
149 940 325 1007 Herolcnmt
349 938 441 1019 Epeo.
455 957 480 1001 r.
498 938 559 1000 0d.
572 942 603 1001 7.
614 940 666 1001 88.

54 1030 246 1094 Pmmittitur
257 1032 437 1094 Tetrametro
451 1032 591 1105 lleroioo,
603 1030 699 1111 Epod.
716 1049 782 1093 xm.
823 1030 1049 1095 Penthemimeri
1063 1032 1145 1095 Duo·

51 1127 155 1207 tylico,
171 1146 207 1187 rr
232 1126 336 1189 0117.
377 1127 507 1189 lamhico
520 1128 665 1200 Dimetro,
678 1124 777 1207 Epod.
804 1144 879 1187 τιν.
902 1145 961 1188 xv.
1000 1125 1144 1189 Trimctro

54 1239 138 1299 puro,
153 1221 249 1300 Epod.
264 1240 338 1281 xvr.
380 1220 543 1283 Horatiano
564 1239 616 1281 eeu
639 1218 825 1281 Archilochio
838 1220 1004 1301 composito
1015 1238 1053 1282 ex
1066 1222 1144 1283 lam·

51 1316 121 1374 bico
135 1315 266 1376 Dimetrn
277 1325 311 1375 ct
323 1314 550 1376 Pentbamimeri
562 1314 732 1393 Dactylico,
746 1312 842 1393 Epod.
859 1333 941 1375 xrrr.

95 1413 123 1469 7.
144 1409 336 1470 Trochaicum
350 1409 397 1469 vel
410 1408 569 1469 Choricum
583 1408 747 1471 Dimetrum
760 1408 984 1469 Catalecticnm.
1002 1406 1143 1481 Ληκῦθων

53 1502 248 1582 Euripidinm.
275 1504 529 1583 complementum
544 1502 786 1565 Penthemimerir
801 1503 893 1564 lamb.
908 1502 949 1562 ad
959 1502 1142 1563 Trimetruur.

53 1596 240 1675 Praeponitnr
253 1598 383 1658 iambico
396 1599 539 1660 Trimetro
552 1596 745 1659 Catalectico.
764 1616 803 1657 rr.
818 1596 878 1658 Od.
895 1599 943 1656 18.

64 1734 67 1741 .
95 1693 124 1747 8.
146 1691 310 1750 Dimetrum
323 1692 494 1754 iambicum.
527 1693 695 1754 Suocinitur
712 1692 874 1763 Trimetria,
886 1690 967 1751 unde
980 1687 1077 1768 Epodi
1090 1709 1144 1748 no·

50 1803 120 1844 men
147 1784 289 1864 inprimit.
318 1785 414 1864 Epod.
435 1806 454 1847 a
479 1806 503 1849 r.
521 1786 561 1849 ad
583 1807 617 1851 x.
642 1788 713 1849 item
735 1785 933 1859 Hexametria,
955 1781 1051 1862 Epod.
1068 1802 1142 1843 xiv.

54 1897 112 1936 xv.
157 1878 253 1938 Nota:
279 1878 444 1941 Dimetrum
471 1880 665 1943 Trochaicum
691 1879 907 1943 catalecticum
932 1879 957 1938 ei
982 1888 1144 1938 connectat

49 1990 120 2032 cum
145 1972 280 2033 Dimetro
302 1974 432 2036 iambico
453 1974 639 2048 dentelecto,
665 1974 813 2037 exhibebit
840 1973 1046 2052 septenarium
1070 1972 1144 2033 Tro·

49 2065 197 2139 choicum,
209 2068 260 2145 qui
275 2078 322 2128 eat
335 2087 438 2129 verriu
452 2070 583 2130 Comici·
595 2088 739 2151 perquam
753 2068 916 2129 familiaria.

94 2161 124 2219 9.
146 2159 309 2222 Alcaicum.
346 2162 506 2225 lambicam
525 2163 690 2224 Dimetrum
704 2162 992 2244 Hyparcatalectum.
1027 2161 1145 2222 Ennea·

50 2253 199 2333 ayllahum
213 2256 243 2313 in
257 2255 379 2318 Alcaico
396 2258 525 2318 carmine
543 2257 659 2319 Tricoln
678 2256 888 2337 Tetrantropho
906 2255 1021 2315 tertiam
1041 2254 1144 2315 cedam

53 2366 168 2426 temper
181 2349 305 2409 obtinet.

97 2444 141 2498 10.
164 2441 324 2500 iambicum
347 2442 519 2501 Trimatrum
547 2442 760 2502 Catalecticum
782 2441 1073 2519 Hendacaayllabum
1096 2441 1141 2500 bia

52 2533 130 2612 apud
145 2534 300 2592 Horatium
314 2538 471 2613 reperitur:
495 2556 518 2594 r.
533 2534 591 2597 Od.
605 2541 635 2596 t.
659 2537 846 2615 subjunctum
863 2536 960 2596 versui
977 2536 1141 2614 componito

51 2647 89 2687 ex
104 2625 244 2686 Bucolico
256 2636 287 2685 et
302 2626 518 2706 ithyphallico:
536 2649 574 2689 11.
590 2629 649 2690 Od.
667 2632 712 2690 18.
725 2629 885 2690 Trochaico
901 2629 1034 2688 Dimetro
1050 2631 1140 2687 Cata-

51 2721 156 2782 lectico
170 2721 277 2798 pariter
290 2722 467 2799 subjectum.

95 2819 142 2876 11.
163 2816 380 2878 Archilochium
395 2819 552 2878 iambicum
570 2819 747 2880 Trimetrum
767 2819 980 2881 Acateleclum.
1021 2821 1140 2881 Iambua

50 2929 101 2988 per
115 2929 146 2969 ae
162 2910 233 2971 lacit
245 2912 393 2972 canticum
407 2910 445 2970 ad
462 2912 618 2973 Canidiam
638 2927 668 2973 et
687 2913 891 2980 palinodiam:
913 2916 982 2974 alibi
1002 2916 1143 2975 Trimeter

55 3004 185 3064 Dimetro
205 3005 400 3083 premittitur,
417 3005 511 3085 Epod.
531 3025 550 3066 a
570 3026 592 3067 1.
606 3007 644 3066 ad
662 3027 696 3069 x.
712 3019 764 3067 aut
779 3007 976 3085 Heroopurua
991 3008 1143 3086 subjungi-

51 3109 108 3168 tur,
130 3098 224 3176 Epod.
248 3120 320 3160 xvr.
341 3111 393 3160 aut
408 3101 535 3180 denique
553 3103 744 3181 praetenditur
759 3101 922 3161 Horatiano
937 3120 989 3161 aen
1004 3102 1139 3163 Archilo-

51 3192 116 3251 chio
130 3195 295 3271 composito
314 3214 351 3254 ex
368 3194 592 3257 Penthemimeri
614 3198 767 3277 Dactylico
792 3208 823 3257 et
844 3197 971 3257 iambico
997 3197 1139 3266 Dimetro.

52 3286 148 3364 Epod.
164 3308 214 3347 xr.

95 3385 141 3441 12.
165 3382 390 3460 Asclepiadeum
416 3385 702 3465 Dodecaayllabnmr
727 3388 821 3464 ipsam
843 3384 1020 3444 cantilenam
1040 3385 1140 3444 absol-

50 3479 102 3548 vit,
120 3499 141 3538 1.
158 3477 216 3537 od.
234 3480 261 3535 1.
286 3477 463 3556 Glyconium
478 3480 675 3558 subsequitur,
692 3499 715 3538 1.
741 3478 800 3537 Od.
816 3480 843 3536 3.
858 3481 914 3536 dre.
929 3487 1013 3536 terna
1031 3499 1141 3556 praece·

50 3573 126 3631 dunt
139 3571 328 3651 Glycerium,
343 3591 366 3630 r.
384 3571 442 3631 Od.
458 3575 488 3632 6.
504 3577 561 3634 dcc.
583 3575 653 3633 bina
668 3573 723 3633 sibi
738 3583 903 3652 aggregant
922 3572 1140 3632 Pherecratium

50 3684 115 3724 cum
131 3667 288 3746 Glyconio‚
303 3687 326 3727 1.
342 3667 402 3726 Od.
419 3671 447 3726 5.
463 3678 493 3727 et
508 3669 628 3747 aaepiua.

94 3764 139 3820 13.
161 3762 342 3841 Sapphicum
357 3763 664 3844 Hendacaayllabum:
683 3764 770 3822 unius
785 3761 904 3821 omuino
918 3761 1020 3839 figurae
1033 3770 1136 3836 quarto

49 3854 195 3914 clauditur
209 3858 324 3916 Adouio
341 3879 347 3915 ε
372 3860 490 3936 paaaim.

92 3951 139 4007 14.
161 3950 312 4010 Alcaicum
343 3953 646 4033 Hendecaayllabum:
672 3952 779 4030 ubique
809 3951 864 4010 eibi
888 3969 941 4027 par
963 3958 1136 4008 constater

49 4045 280 4105 Penthamimere
303 4048 430 4108 Iambica
443 4061 473 4108 et
487 4050 554 4110 Besi
570 4049 735 4128 Dactylica.
778 4046 875 4108 Prima
893 4043 1071 4104 combinatio
1090 4058 1136 4105 est
