2408 4200
603 264 807 315 PRAEFA'NO.

157 448 176 484 ·.
198 407 291 488 Quid
314 405 661 490 scripserit·Fiaccns,
676 407 875 490 eaquoestio
890 409 1049 476 historica
1062 418 1134 478 est:
1156 416 1191 481 in

131 540 142 555 -·
156 507 375 591 aeduae-h.
398 527 428 574 e.
441 507 552 572 ³libris
577 509 733 590 antiquis,
756 510 1041 576 consentientibus
1065 518 1195 599 praecip

156 605 536 692 credendam,·quanidiu
551 607 619 691 ipsi
634 609 699 671 sibi
713 608 811 673 iidem
828 629 893 674 nou
905 611 1071 696 abrogant,
1084 634 1201 698 quam

156 731 223 777 non
237 711 354 778 dicunt
367 715 481 794 aperte
494 709 721 791 repugnantia.
766 710 835 774 Sed
848 711 1180 780 ridenturiuterdum

157 831 426 896 pugnare-quae,
451 812 690 893 circumspecta
716 811 779 874 rite
804 813 892 876 omni
921 815 1182 892 circumstantia,

157 915 367 980 concordiam
382 921 525 1000 possunt
539 915 643 998 redigi
657 931 708 985 eo,
723 914 815 977 utin
835 915 986 992 musicis,
996 915 1198 997 jucundiore

156 1014 243 1099 qnod
256 1015 382 1080 habent
399 1016 526 1100 aliquid
547 1035 669 1101 pugnae
691 1013 880 1077 admistum.
923 1013 1002 1079 Tali
1024 1012 1157 1101 tfdpaqe
1181 1034 1202 1079 n

156 1115 332 1180 obemvata
344 1114 453 1181 fraudi
466 1117 558 1182 suere
572 1132 804 1196 nonuunquam
827 1114 980 1180 Bentleiu
996 1115 1042 1178 V.
1056 1118 1096 1181 C.
1122 1132 1162 1180 ιι.
1178 1116 1202 1181 S

158 1216 189 1279 5.
203 1215 257 1278 ⁷9.
271 1221 306 1279 et
318 1216 394 1281 loa.
436 1215 566 1300 Siquid
581 1221 689 1280 autern
712 1215 756 1277 sit
776 1214 889 1291 etiam,
904 1215 994 1298 qnod
1015 1235 1036 1278 a
1057 1216 1178 1281 vitiosa

157 1319 335 1400 pugnantia
358 1318 497 1382 liberare
521 1337 589 1381 non
611 1316 750 1399 possim,
776 1333 844 1378 nou
870 1315 947 1380 ideo
965 1335 1059 1380 urere
1081 1323 1114 1380 et
1135 1334 1203 1380 ecc

155 1418 245 1496 licet,
259 1437 327 1482 non
340 1419 482 1501 marari
497 1419 530 1483 in
544 1419 660 1494 libros,
677 1419 712 1481 nt
731 1417 766 1479 in
787 1417 1028 1500 discipulorum
1045 1435 1152 1500 pensa
1172 1445 1197 1471 2·

158 1517 360 1583 emendatrix
379 1538 498 1585 manus
520 1518 755 1604 praeceptoris:
779 1516 839 1580 sed
862 1518 926 1581 uisi
944 1517 993 1580 ita
1007 1517 1131 1594 mollis,
1146 1518 1196 1582 ita

157 1616 270 1700 quida,
284 1619 332 1683 ita
345 1619 448 1698 clara,
463 1623 511 1687 ita
524 1623 626 1686 unica
642 1620 687 1684 sit
699 1618 897 1695 emendatio,
912 1618 1011 1700 plane
1032 1619 1081 1682 uti
1097 1617 1176 1683 dubi
1199 1645 1203 1671 ε

157 1718 283 1783 homini
297 1738 405 1786 rerum
420 1725 528 1804 perito
547 1741 613 1785 uon
634 1721 746 1795 liceat,
767 1718 938 1783 modestia
961 1723 1081 1782 nostrae
1095 1725 1131 1782 et
1143 1721 1200 1783 bo·

155 1830 226 1881 rum
240 1819 397 1883 librorum
410 1822 588 1903 integritati
605 1819 717 1904 potius
738 1820 787 1883 ita
809 1819 1040 1896 consulamus,
1057 1827 1096 1883 nt
1109 1821 1142 1883 iu
1163 1838 1204 1882 m

158 1918 242 1999 gine,
255 1920 336 2002 quid
351 1922 448 1985 nobis
463 1922 625 1998 videatur,
642 1919 839 1983 indicemus.

204 2018 285 2082 Dici
307 2038 375 2083 nou
400 2028 525 2103 potest,
554 2039 653 2105 quam
679 2019 778 2085 facile
807 2021 853 2083 sit
876 2020 930 2083 hic
960 2020 1044 2096 salii,
1074 2019 1154 2097 labi,
1175 2041 1204 2084 cr

160 2136 311 2199 rumpere
338 2119 426 2199 qnod
450 2121 619 2183 emendare
639 2121 734 2183 velis.
778 2118 865 2184 Cum
887 2120 1088 2184 concedatur
1111 2122 1198 2184 seni

163 2219 398 2303 septemremis,
412 2217 521 2283 dicam
536 2221 615 2304 quid
631 2222 711 2285 mihi
727 2241 790 2284 usu
806 2221 943 2283 venerit.
988 2220 1096 2285 Fuere
1112 2221 1155 2284 ab
1170 2239 1204 2283 a·

162 2319 321 2384 leecentia
336 2318 413 2382 inde
424 2340 498 2386 mea
512 2322 622 2399 amici,
634 2323 756 2386 eruditi
772 2341 853 2386 sane
863 2322 1014 2385 homiues
1029 2326 1063 2384 et
1078 2320 1200 2402 ingeni·

160 2422 216 2504 qui
230 2421 372 2485 subinde
384 2429 580 2488 accusarent
593 2443 700 2489 meam
715 2425 748 2488 in
761 2423 1047 2488 emendationibus
1059 2420 1114 2484 vel
1129 2420 1194 2483 alie

163 2523 213 2584 vei
234 2522 316 2586 meis
338 2522 548 2590 admittendis
570 2526 769 2589 tarditatem.
813 2524 879 2588 Sed
896 2524 1007 2588 fateor
1021 2524 1173 2604 ingenue,
1196 2548 1199 2575 ι

161 2624 291 2705 quoties
304 2628 414 2689 tamen
429 2645 503 2690 cum
517 2628 605 2691 omni
619 2626 688 2702 iila,
700 2645 800 2708 qnam
817 2644 879 2708 ego
895 2625 1085 2689 cantionem
1100 2640 1187 2704 appe

162 2724 249 2799 bam,
259 2725 323 2807 ipsi
339 2726 561 2802 timiditatem,
573 2727 752 2809 aliquoties
763 2725 843 2788 mihi
854 2744 917 2789 usu
933 2725 1079 2799 venisse,
1091 2729 1131 2786 nt
1146 2740 1204 2786 au·

164 2823 290 2886 scilicet
303 2844 407 2888 rerum
423 2828 665 2908 verborumque
686 2846 762 2902 neu,
777 2825 994 2890 retractandae
1010 2831 1204 2887 essentem

164 2922 325 3001 dationes,
339 2944 414 3009 quar
430 2926 528 2991 valde
544 2928 624 2991 mihi
640 2927 844 3010 placuerant.

204 3022 280 3100 Quo
296 3025 404 3089 minus
418 3027 564 3107 poenitet
582 3025 616 3087 in
636 3026 780 3090 Horatio
795 3045 931 3089 cansam
946 3033 1150 3108 receptarum
1203 3055 1204 3076 ι

162 3124 286 3188 tionum
308 3126 498 3206 suscepisse
528 3143 760 3207 nonnunquam
784 3132 896 3187 contra
920 3126 1031 3204 ipsum
1052 3124 1182 3186 Bentlei

163 3225 262 3288 etiam
284 3226 342 3289 ubi
366 3225 531 3300 irascitur,
555 3228 605 3300 (nt
626 3226 670 3288 ad
693 3225 769 3288 Art.
793 3224 891 3287 Po'et.
912 3220 1007 3305 441.)
1030 3223 1119 3304 quod
1144 3223 1196 3285 sol

161 3341 397 3406 nonnunquam
413 3323 476 3387 riri
499 3324 603 3399 docti,
618 3342 693 3386 oum
715 3323 864 3406 putant
854 3324 1004 3407 ruiqnnm
1019 3342 1093 3387 esse
1108 3322 1204 3386 libra

164 3427 395 3490 semibarbaris
418 3426 497 3541 pius
519 3423 598 3488 fidei
619 3424 734 3487 haberi
748 3444 849 3507 quam
869 3444 940 3490 snae
962 3425 1094 3500 ratiom,
1114 3423 1178 3487 hoc

162 3725 282 3805 pectus
297 3718 416 3784 habere
425 3723 523 3788 debet
536 3726 665 3791 Horatii
680 3729 864 3810 praesertim
881 3728 1006 3803 Editor,
1017 3733 1050 3789 et
1063 3723 1161 3786 malie
1176 3742 1204 3785 c¹

165 3822 356 3886 Philoxeno
364 3821 410 3884 ire
422 3822 455 3887 in
466 3825 671 3903 Lautumias,
681 3846 781 3910 qnam
792 3826 927 3890 laudare
939 3844 1004 3887 non
1015 3828 1134 3898 bonas,
1145 3823 1196 3905 cuj

163 3942 302 4005 cumque
318 3921 451 3986 demum
466 3926 543 4001 sint,
559 3946 660 4008 quam
682 3928 830 4007 recipere
851 3924 1008 4007 pulchras
1025 3931 1187 4005 quantum

164 4025 224 4088 sed
238 4023 347 4088 minus
362 4026 583 4103 necessarias,
594 4025 854 4091 emendationes.
