2408 4200
382 271 586 322 οιιιιιιιιιιιι
611 271 683 319 ιιι.
707 273 747 321 ιι.
773 258 826 323 18.

234 413 372 477 Limiles
386 415 555 478 clientium

276 514 364 578 Salis
379 517 522 578 avarus?
544 514 676 594 pellitur
690 523 845 597 paternos
903 526 925 581 'i

235 612 274 676 In
290 616 364 677 sinu
380 615 489 678 ferens
507 615 601 677 Deos

277 714 320 778 Et
334 724 429 786 uxor,
445 722 478 778 et
491 715 552 789 vir,
567 715 787 798 sordidosque
803 723 911 780 natos.

231 813 334 878 Nulla
349 816 467 877 certior
482 823 601 891 tamen,

273 915 425 997 Rapacis
442 915 522 978 Orci
536 914 612 990 fine,
628 916 794 982 destinato

231 1015 319 1079 Aula
336 1016 471 1078 divitem
487 1024 600 1078 manet

275 1116 415 1179 Herum.
460 1115 553 1194 Quid
567 1117 652 1181 ultra
666 1118 801 1182 tendis?
824 1119 939 1201 AEqun
954 1119 1052 1184 tellus
1134 1159 1147 1176 ,

231 1215 376 1296 Pauperi
390 1215 581 1293 recluditur,

273 1317 473 1399 Regumque
489 1319 619 1398 pueris3
642 1338 701 1382 uec
716 1321 853 1384 satelles
869 1297 947 1384 Orci

59 1487 98 1541 ιιι,
112 1497 155 1545 prr
166 1481 301 1530 orontium.
338 1481 441 1541 Eiicitur
451 1487 473 1530 et
485 1481 593 1539 inuritur,
610 1488 637 1530 el»
647 1482 733 1542 coniux
748 1487 846 1542 porturis
859 1483 885 1529 ιιι
902 1482 991 1542 gremio
1006 1481 1116 1540 Penates,
1125 1487 1147 1530 et

58 1561 142 1608 pueros
159 1545 283 1606 squalidos.
317 1546 429 1594 Allumeu
438 1549 556 1606 potentem
566 1545 683 1592 dominum
695 1546 757 1593 laud
774 1550 881 1607 expeclul
899 1546 947 1592 ullu
963 1544 1058 1592 basilien
1068 1547 1149 1592 mlier

58 1611 204 1671 purulurede
217 1607 346 1668 lnserorum
358 1608 435 1657 omnia
444 1608 624 1656 alurlmrtum.
660 1608 725 1662 Quid
734 1624 773 1655 um
789 1609 834 1656 lius
843 1609 945 1670 queris?
978 1608 1051 1655 Terra
1057 1608 1150 1669 puriter

61 1673 212 1735 lupicinum
222 1675 385 1735 amantque
396 1672 536 1734 Principum
538 1671 610 1734 filiis.
644 1671 726 1733 Neque
733 1672 762 1720 In
774 1686 865 1720 erorum
874 1677 953 1719 certor
962 1685 1020 1719 auru
1028 1676 1150 1734 eorruplur

59 1887 89 1932 25
107 1881 218 1930 Limilem
228 1881 309 1940 Brod.
324 1882 393 1943 Lips.
412 1885 435 1930 2.
456 1879 509 1929 Ait.
519 1886 543 1929 2.
560 1895 620 1930 am.
634 1895 672 1942 pr.
683 1889 710 1929 et
722 1880 795 1929 Harl.
803 1884 828 1928 6.
850 1880 976 1942 probante
987 1879 1147 1928 (leonem.—

59 1950 90 1992 27
108 1946 137 1992 Ia
154 1945 207 1993 siau
230 1946 294 1992 Deos
305 1947 388 2004 serens
400 1946 574 2006 Coum-30
594 1945 693 2006 Cupncir
715 1945 773 1991 Orci
792 1944 861 2007 conj.
883 1945 968 1992 ilenti.
986 1941 1147 2004 improbante

59 2009 136 2067 Juni3
154 2024 212 2057 nam
226 2009 310 2057 Orcus
322 2010 346 2056 ιι.
358 2010 374 2056 Ι.
389 2023 498 2069 perrona
510 2017 559 2056 est.
577 2009 631 2072 flue
642 2008 737 2058 babent
748 2006 821 2055 Harl.
834 2011 857 2055 l.
868 2010 893 2054 2.
905 2009 928 2054 8.
938 2011 963 2054 4.
973 2012 996 2055 5.
1009 2011 1033 2055 o.
1050 2006 1147 2055 Seboll.

59 2072 502 2184 tullltttttltzttltitl
514 2079 616 2183 ‘tlt
627 2067 1147 2196 “tllittlttt‘tttllttttllatlr

61 2198 107 2245 red
119 2212 176 2246 enrn
186 2201 241 2246 rede
250 2201 381 2261 scriptione
393 2151 511 2262 apparel,
529 2199 597 2262 quod
619 2200 728 2261 probare
749 2198 811 2258 vult,
827 2147 904 2245 telem
913 2196 945 2243 de
957 2197 1076 2257 sepulcro
1087 2167 1148 2244 dici:

59 2262 122 2310 Tum
134 2263 170 2310 ric
182 2263 261 2317 Mart.
273 2263 355 2312 Mald.
375 2264 421 2312 Sil.
432 2279 473 2325 ap.
487 2263 566 2326 Cruq.
575 2263 690 2311 Bentleii
702 2261 800 2309 Zulicb.
817 2260 961 2308 Ediderunt
971 2260 1059 2308 Bentl.
1070 2260 1148 2309 But.

60 2325 124 2373 Cuu.
142 2327 202 2375 San.
213 2326 303 2377 Joues.
315 2327 383 2374 Sirr.
403 2325 508 2375 Wakel.
525 2338 555 2383 et
575 2325 655 2374 Kidd.
689 2325 806 2374 Probent
822 2337 922 2388 quoque
940 2324 992 2372 Bor
1011 2322 1097 2372 linior.
1114 2323 1147 2372 ad

60 2388 124 2439 Hor.
136 2393 209 2452 plo.
227 2389 263 2438 H.
275 2391 367 2453 Steplr.
378 2389 464 2439 Diatr.
475 2403 516 2439 ιιι.
529 2405 554 2452 p.
565 2394 605 2459 (ξι.
640 2389 745 2438 Atridet
763 2395 790 2436 et
811 2388 933 2436 Lambino
951 2401 981 2435 ac
1000 2386 1147 2447 Torrentip.

59 2453 128 2501 ‘Sed
141 2467 223 2516 neque
235 2455 328 2509 Servii,
348 2469 423 2517 quern
443 2468 475 2502 ex
491 2454 613 2502 memoria
631 2451 736 2502 lundato
756 2453 813 2500 loco
832 2453 931 2514 lapsum
943 2464 1000 2498 esre
1013 2448 1147 2513 probabile

58 2523 163 2574 eunuco
176 2526 228 2563 tam
240 2531 379 2578 paucorum
393 2517 467 2566 codd.
479 2515 530 2565 lide
543 2519 680 2581 quicquam
698 2515 854 2564 mutandum.
890 2515 1008 2577 Denique
1027 2519 1054 2561 et
1067 2514 1147 2560 lectio

52 2579 105 2641 fine
117 2579 181 2627 bene
194 2580 280 2643 habet,
292 2589 369 2643 utque
383 2581 483 2630 doctior
495 2582 573 2629 etiarn
584 2581 651 2628 haud
668 2579 744 2628 dubie
763 2579 820 2626 est!
836 2578 970 2626 ,luni-³2
989 2577 1054 2632 Quid
1065 2574 1149 2626 ultro?

61 2643 137 2688 lendin
158 2642 259 2690 lubrie.
294 2645 373 2698 Qra'dt
389 2644 558 2694 ultraterrdt'sl
576 2644 751 2705 Cuningell
768 2643 904 2704 &gulaque
923 2641 987 2690 nulia
1006 2655 1051 2688 rex
1071 2639 1146 2688 codd.

22 2743 25 2748 .
61 2703 186 2759 Lambini,
200 2719 264 2753 unus
276 2706 437 2771 Burmanni,
452 2717 526 2758 vetur
538 2708 604 2756 liber
614 2709 732 2762 canteri,
745 2707 812 2756 Nor.
825 2708 910 2754 Lectt.
920 2719 958 2755 vr.
969 2708 1008 2754 tt.
1026 2703 1069 2768 qui
1081 2718 1146 2765 pru·

551 2837 657 2888 NOTAE

92 2935 125 2980 26
142 2932 244 2980 Pellitur
253 2935 431 2996 peterrealsc]
443 2936 584 2998 Expulitio,
625 2935 731 2984 rtinotn’
743 2940 791 2982 est.
825 2934 883 2982 Nou
894 2946 947 2979 roro
960 2931 993 2979 ibi
1004 2936 1048 2978 aut
1061 2929 1149 2978 condi·

59 3006 92 3055 ad
111 3007 254 3069 aagendam
270 3007 398 3055 invidiam.
425 3010 467 3057 Sic
489 3025 585 3072 poster·
626 3013 662 3060 tio
682 3013 771 3060 melior
794 3011 918 3072 opulento
940 3007 1056 3065 cuilibet,
1073 3020 1148 3066 qtram

59 3084 129 3133 rioue
141 3084 257 3143 legitimo
267 3084 422 3134 deturbetur
432 3085 513 3133 cliens
525 3099 540 3132 n
550 3093 584 3141 te,
626 3087 705 3149 inopi.
734 3085 804 3137 Quid
814 3098 875 3145 ergo
891 3084 958 3130 ultra
968 3081 1061 3139 tendis,
1073 3093 1149 3142 qrraru

59 3165 86 3205 et
108 3159 141 3206 ad
163 3160 276 3222 inopiam
300 3158 420 3208 redactur
440 3159 504 3220 ubit,
527 3174 585 3208 cum
624 3163 749 3210 reunitum
767 3162 953 3219 decretumque
968 3155 1014 3204 tibi
1031 3163 1070 3202 est
1083 3153 1149 3202 fato·

60 3235 374 3294 uxoregernebuudn,red
387 3236 583 3299 religiosaque
625 3252 680 3285 rum
699 3251 729 3285 ac
749 3234 886 3285 Nominum
907 3233 963 3292 lege
984 3230 1150 3279 immutabili?

59 3312 148 3367 portat
161 3306 187 3353 in
198 3307 253 3355 rino
271 3309 341 3358 Deos
360 3310 509 3373 familiares,
522 3325 583 3374 pue·
624 3312 716 3361 Horat.
728 3326 759 3361 rr.
777 3311 862 3372 Epist.
878 3313 903 3357 2.
932 3307 1020 3359 ‘Quid
1030 3307 1079 3356 vici
1092 3321 1148 3369 pro·

58 3394 151 3444 totque
163 3380 196 3428 ob
209 3389 350 3441 egestatem
362 3385 486 3434 sordidos.
623 3395 690 3447 snut,
716 3395 759 3436 rut
785 3387 885 3443 horren,
908 3383 1002 3446 quidve
1032 3382 1149 3430 Calabris

91 3461 124 3504 29
143 3457 218 3505 Nullo
233 3458 319 3505 certior
335 3466 421 3519 tumeo,
435 3454 489 3522 aa]
506 3458 583 3510 Quod
622 3463 734 3510 Saltibus
746 3461 842 3523 adjecti
859 3459 966 3521 Lucani,
979 3459 999 3506 ri
1013 3460 1086 3506 metit
1097 3458 1148 3505 Or·

58 3533 78 3579 ri
90 3531 181 3593 opibus
190 3539 298 3580 mortem
309 3533 416 3580 eluctari
427 3535 526 3594 liceret,
539 3542 584 3583 aut
623 3551 669 3584 cur
682 3536 799 3584 Grandia
815 3549 873 3583 cuni
888 3535 984 3596 parvis,
994 3547 1045 3581 non
1057 3546 1147 3582 exora·

57 3607 78 3653 ri
91 3608 214 3668 potiorem
230 3607 299 3670 apud
311 3605 413 3655 Inseros
424 3610 509 3656 sedern
521 3623 583 3671 opu·
623 3610 681 3659 bitu
693 3625 755 3658 uitro
765 3610 786 3657 i'

57 3683 141 3730 lentur
153 3685 259 3746 quisque
271 3691 422 3746 occuparet,
439 3684 522 3732 iibens
536 3698 584 3746 ego
655 3691 686 3734 32
705 3689 781 3747 AEquu
800 3688 871 3733 lellus
887 3685 992 3747 Pauperi
1012 3683 1148 3736 recluditur,

58 3756 105 3803 tibi
117 3772 177 3806 rane
189 3760 373 3820 condonarem,
387 3759 582 3824 quodqnajure
622 3765 674 3825 isc]
695 3762 750 3810 Lib.
771 3774 789 3808 t.
809 3761 860 3809 Od.
881 3766 905 3808 t.
938 3757 1060 3805 ‘Pallida
1080 3766 1147 3799 mort

59 3845 110 3893 qur
121 3832 212 3894 injuria
228 3835 333 3884 divitius
350 3837 504 3885 accumules.
531 3836 583 3883 Ve·
623 3850 697 3897 aquo
712 3836 797 3896 pulsat
817 3834 883 3895 pede
904 3843 1044 3895 pauperum
1063 3825 1147 3886 tuber-

58 3920 114 3954 rum
127 3909 224 3956 nonita
242 3926 268 3957 ie
286 3925 327 3959 rer
344 3912 437 3959 liabett
456 3925 502 3960 nec
514 3913 582 3960 enirn
623 3924 668 3962 utu
681 3911 831 3972 Regiumque
844 3905 943 3954 turres!

55 3981 181 4030 ‘divitem
205 3993 289 4034 manet
306 3987 395 4034 berum
418 3986 469 4034 ulla
487 3988 583 4035 certior
654 3992 686 4035 tr
706 3989 754 4035 Nee
764 3986 857 4033 rutelks
870 3981 935 4035 Orci,
943 3978 995 4038 isc]
1013 3979 1147 4028 Necrnorr

59 4059 117 4103 aula
134 4067 176 4107 aut
195 4057 270 4119 linis,'
282 4075 356 4122 qtrnrn
369 4077 426 4124 quor
438 4064 445 4088 ‘
456 4063 526 4111 Orco
538 4063 581 4111 de·
622 4062 767 4110 muneribus
781 4074 810 4106 nc
827 4057 899 4104 donis
919 4055 1100 4116 corrumpitur,
1120 4065 1148 4103 ut
