2408 4200
393 264 601 313 canuruou
628 263 700 313 oro.
725 262 782 314 ιιι.
804 251 865 314 23..
1090 254 1155 317 007

191 407 311 471 Dicam
328 407 466 490 insigne,
481 427 610 485 recens,
626 407 736 474 adhuc

234 507 397 571 Indicium
414 527 472 572 ore
487 508 565 572 alio.
610 508 688 572 Non
704 524 800 573 secus
815 509 847 571 in
855 507 946 590 jugis

191 607 370 671 Exsomnis
386 617 502 690 stupet
518 610 633 687 Euius,

234 708 385 773 Hebrum
400 711 624 792 prospiciens,
640 718 675 774 ot
690 711 764 774 nivo
781 709 959 775 candidam
1114 714 1156 777 10

62 869 117 920 dum
127 872 156 921 od
166 875 221 923 aliis
231 875 365 924 eehdrolos.
387 874 461 924 Houd
472 876 543 924 olt'ier
553 876 656 924 oltouito
666 880 702 925 est
712 876 819 940 Boccho,
827 878 852 926 in
861 878 977 927 mosultro
985 878 1155 941 expergiscens.

62 1081 179 1129 dant-e
192 1083 317 1130 Exsomais
327 1080 460 1146 (exomsis)
474 1081 534 1130 Aer.
547 1082 691 1131 Comment.
704 1081 808 1144 Croquii
818 1083 909 1132 Fuere.
920 1083 978 1132 Urs.
989 1083 1066 1134 daun.
1075 1084 1155 1134 Torn.

63 1153 90 1193 et
103 1152 155 1193 tres
168 1146 239 1194 Vatt.
255 1146 342 1194 Lauri».
361 1159 449 1194 omnes
470 1147 549 1209 Cruq.
572 1147 657 1206 plures
667 1147 739 1194 Torr.
759 1147 855 1210 plnres,
866 1157 895 1195 ut
907 1146 1019 1209 videtur,
1030 1156 1057 1197 et
1069 1157 1155 1196 vetus·

63 1210 141 1256 tiores
152 1209 241 1257 Bentl.
253 1209 326 1257 Harl.
339 1213 361 1257 l.
370 1212 395 1256 2.
407 1213 432 1257 Β.
444 1212 468 1256 4.
480 1216 506 1258 5.
518 1213 541 1258 0.
559 1209 640 1273 Bpod.
651 1209 703 1257 duo
714 1211 814 1258 Bersm.
828 1211 935 1261 Mentei.
947 1213 1057 1274 Franeq.
1069 1211 1155 1275 Lipss.

62 1272 115 1320 Ait.
128 1277 149 1321 1.
167 1271 278 1323 Helmst.
290 1274 367 1321 Desa.
379 1277 403 1321 2.
419 1273 533 1321 Mancin-
553 1273 616 1322 Aac.
637 1273 726 1321 Basili.
745 1273 834 1322 Lamb.
849 1276 928 1338 Crnq.
939 1275 1058 1324 Torrent.
1077 1275 1111 1323 tl.
1126 1282 1155 1325 et

64 1335 112 1383 lio.
130 1337 235 1399 Steplrlr.
253 1337 282 1384 Τ.
301 1337 362 1386 Feb.
381 1336 483 1385 Fabrie.
496 1337 575 1385 Baxt.
595 1339 692 1385 Daeer.
704 1335 764 1386 Jon.
777 1339 873 1401 Delplr.
885 1338 1017 1387 Schrevel.
1028 1338 1098 1399 Jani,
1110 1339 1155 1387 Bi·

63 1408 134 1460 pont.
147 1400 253 1448 lilitach.
265 1401 373 1448 Wetzel.
385 1399 487 1449 water.
501 1408 528 1449 et
540 1400 630 1449 Comi).
664 1401 711 1448 Est
723 1401 789 1449 enim
807 1408 867 1463 post
883 1401 974 1462 steph.
988 1402 1090 1463 vulgate
1102 1403 1154 1450 lee-

63 1464 107 1511 tio.
141 1463 210 1512 ‘Sed
223 1465 304 1511 divise
319 1464 456 1513 Exmmais
473 1463 586 1512 nonnulli
602 1464 691 1515 Lamb.
711 1472 739 1513 et
757 1465 874 1513 Torrent.
888 1466 998 1515 Helmst.
1010 1464 1083 1514 Gott.
1094 1465 1154 1516 Zar.

62 1527 168 1575 Venett.
182 1531 252 1575 1478.
265 1531 337 1577 1402.
373 1528 656 1578 montecontorio.
680 1527 772 1577 Heius.
793 1529 890 1578 Muret.
909 1530 1063 1592 omninoque
1078 1529 1155 1591 arrigo

64 1591 138 1638 editt.
158 1600 217 1639 ante
235 1591 325 1651 Steplr.
349 1592 387 1640 Ex
406 1593 503 1640 somniis
518 1591 624 1641 Mediol.
642 1595 713 1641 1480.
731 1596 803 1641 1002.
837 1593 869 1640 Et
880 1593 967 1641 somnis
977 1594 1071 1641 Venet.
1083 1597 1154 1643 1405.

62 1661 153 1716 aperto
163 1654 245 1717 lapsu.
263 1656 287 1703 Ε
294 1656 382 1704 somnis
389 1655 472 1704 alan
479 1656 548 1706 l'ior.
555 1660 627 1707 1482.
635 1656 728 1705 venat.
738 1661 810 1706 1480.
818 1656 971 1706 Laocoon.
981 1657 1020 1719 [et
1029 1657 1155 1723 Francis]

61 1718 121 1766 Sive
137 1732 168 1766 ex
185 1727 291 1781 putetur
308 1734 365 1769 osse
379 1734 426 1783 pro
439 1726 503 1783 posi,
521 1721 559 1770 uti
577 1720 682 1784 sepius,
692 1721 771 1770 etiem
782 1720 830 1770 Gr.
842 1721 875 1781 ἐξ,
885 1722 949 1781 rivo,
965 1720 1034 1784 quod
1051 1721 1154 1770 doctius

62 1781 105 1841 ait,
115 1781 274 1844 βραχυλόγωι
284 1784 335 1834 dici
348 1785 388 1833 Ex
397 1786 483 1833 romnis
493 1791 581 1849 erepet,
594 1799 641 1848 pro
652 1800 666 1833 e
678 1799 767 1834 somno
779 1786 903 1848 evigilans
914 1790 1002 1846 stupet,
1013 1786 1076 1833 satis
1090 1786 1155 1834 bene

61 1845 155 1910 haheat
167 1849 206 1896 En
216 1849 313 1911 somam,
325 1847 407 1897 divise
419 1849 560 1908 scriptum;
578 1862 625 1910 pro
637 1862 686 1910 quo
698 1850 721 1895 E
730 1849 816 1895 somnis
829 1849 947 1895 maluisse
961 1849 1094 1896 nonnullos
1106 1847 1155 1896 ses·

61 1910 142 1960 tivum
154 1920 203 1961 est.
238 1912 361 1960 Attamen
375 1911 502 1959 Ersomms
513 1918 542 1958 et
554 1917 626 1958 tanta
637 1908 713 1957 codd.
725 1910 880 1957 anctoritate
892 1909 1053 1972 defenditur,
1063 1919 1091 1960 et
1103 1918 1156 1960 tam

62 1984 151 2036 aperte
167 1977 200 2022 ab
217 1975 329 2024 Horatio
343 1989 358 2021 e
375 1975 469 2021 Groco
486 1984 635 2081 agressum
654 1977 703 2033 est,
716 1978 744 2020 et
763 1972 841 2021 habet
859 1972 969 2036 denique
985 1982 1036 2022 tam
1054 1982 1155 2037 gratam

61 2040 144 2086 sensui
162 2039 243 2101 lyrico
262 2039 311 2084 vim
334 2034 366 2081 ad
389 2034 514 2096 designao
534 2048 576 2081 um
598 2034 679 2097 ipsum
702 2037 825 2097 temporis
848 2044 981 2100 punctum,
1003 2053 1054 2102 quo
1076 2039 1155 2087 Evlss

61 2102 177 2162 evigilat,
187 2100 269 2210 qqnod
282 2101 307 2147 in
319 2098 402 2146 altera
414 2096 525 2145 lectione
538 2096 580 2145 vix
592 2099 724 2161 sentitur,)
735 2106 763 2148 ut
776 2101 837 2148 milri
850 2102 951 2164 quidem
963 2103 1053 2151 mirum
1067 2102 1155 2152 videa·

62 2160 566 2275 geruthngmeuzerssldoxrzmhilgiffisacittt
584 2169 755 2275 qqqrqtqruvgqu
773 2163 1154 2288 ,ἶῗιῖιὲ(ιἰιιι11)ιῖιῑιιι1θιιῗΙῐιιιξιιιψὲξιῐιῃιιίι8

144 2261 150 2274 ι
258 2262 265 2276 ο
368 2259 376 2282 ι
405 2259 412 2274 ⁸
440 2261 446 2274 ι
567 2261 575 2286 ,
755 2259 762 2279 Ι

63 2292 113 2348 vel,
129 2290 197 2354 quod
209 2291 252 2340 iile
269 2291 377 2351 mavult,
389 2305 446 2339 cum
457 2289 542 2351 jugiar
559 2303 610 2353 que
625 2289 807 2338 emendatione
825 2290 867 2338 rix
881 2291 1016 2355 quicquam
1034 2265 1157 2342 audacius,

61 2369 118 2402 esse
136 2363 231 2416 potest.
259 2355 373 2404 Primum
386 2354 472 2404 Benti.
484 2356 529 2411 ait,
541 2353 646 2403 verbum
659 2354 785 2402 [lemmata
797 2368 897 2417 semper
908 2368 965 2402 esre
976 2355 1042 2403 idem
1052 2371 1082 2405 ac
1096 2357 1153 2404 ‘iu-

62 2419 175 2481 aomnis‚'
192 2420 307 2469 Bacchas
326 2427 421 2473 sotem.
432 2419 514 2495 (quod
534 2417 647 2482 notum,)
661 2432 712 2466 oon
729 2417 856 2466 insomnes
872 2418 1004 2476 mansisse,
1017 2418 1063 2466 aed
1082 2419 1154 2468 deni-

62 2498 111 2546 que
123 2483 297 2533 obdormiisse.
326 2485 390 2535 Quae
402 2483 483 2543 adon,
499 2482 528 2531 τὸ
537 2484 608 2545 Jugr‘s
619 2498 670 2532 non
684 2496 759 2544 posse
777 2497 833 2530 esse
845 2483 900 2531 sine
914 2482 1041 2544 epitheto,
1052 2488 1080 2531 et
1091 2483 1156 2533 Ovi·

62 2549 131 2595 ‹linrn
142 2549 222 2596 Trist.
236 2562 275 2596 ιν.
289 2552 312 2597 l.
324 2553 365 2597 42.
377 2549 454 2597 etiam
467 2549 576 2596 dixisse:
594 2548 684 2596 Mesia
694 2552 770 2609 stupet
778 2547 857 2609 jugis,
869 2561 900 2596 ea
911 2547 979 2595 belle
991 2546 1121 2611 profecto,
1132 2547 1154 2596 ai

62 2611 121 2656 Diis
143 2613 237 2671 placet,
260 2622 412 2672 argumenta
437 2619 505 2659 erint.
538 2613 579 2661 Do
601 2611 781 2661 emendatione
802 2611 922 2660 Exoo'mo
941 2626 984 2676 ap.
1009 2613 1097 2663 sones.
1121 2625 1154 2660 ne

64 2672 169 2719 verbum
187 2674 387 2736 quidem’Joat.
423 2675 568 2723 Bentleinm
587 2675 794 2738 sequitnrliidd.
829 2676 858 2724 ln
879 2677 969 2724 eodem
986 2690 1060 2724 versu
1077 2674 1152 2724 codd.

64 2737 178 2784 variant:
205 2736 305 2797 Eudios,
331 2738 442 2800 Euchios,
471 2738 587 2799 Heulrt'os,
609 2740 717 2802 Eoique,
743 2739 872 2787 timelio.
897 2738 997 2788 Wokef.
1024 2748 1051 2789 et
1072 2740 1152 2789 Kidd.

64 2814 122 2847 cum
140 2801 229 2849 Beotl.
252 2801 401 2849 Eetion-lo
418 2801 519 2848 Hoenroa
531 2815 570 2862 pr.
591 2809 633 2850 ortt
650 2803 705 2850 nive
722 2804 847 2849 condidam
862 2804 927 2851 Arno
948 2819 1033 2863 arcem,
1052 2809 1094 2851 out
1113 2818 1154 2866 pe·

62 2864 112 2913 dile
130 2864 213 2914 orders
234 2863 335 2912 emend.
357 2878 399 2925 up.
410 2864 498 2914 Jones.
515 2864 640 2913 mollidruo
656 2865 727 2927 Lips.
737 2869 763 2914 4.
786 2866 880 2913 venet.
893 2870 964 2916 1402.
976 2874 1003 2915 et
1014 2869 1154 2916 lother.-

550 2990 658 3040 Noun

94 3085 480 3150 SlsdietemoreolioJSeoquod
489 3086 585 3149 primns
626 3087 722 3137 Barciri
734 3087 897 3150 cognomine,
908 3088 941 3137 de
955 3102 1005 3152 quo
1017 3101 1035 3137 ι.
1047 3085 1099 3137 0d.
1113 3093 1155 3140 10.

65 3154 212 3214 Ηεῐίιιοιιιιιι
229 3167 351 3215 Horatios
369 3167 463 3229 Lyrioa
476 3164 586 3227 scripse·
625 3167 651 3212 9.
668 3163 804 3223 Emeruit,
816 3164 866 3223 vel,
877 3158 1033 3212 excitnto'sb
1045 3177 1076 3212 eo
1087 3177 1153 3214 som·

65 3241 108 3300 rit,
124 3254 168 3287 seu
180 3241 239 3303 quia
251 3241 360 3304 argrini
375 3246 450 3304 gesta
465 3246 493 3290 et
505 3240 586 3288 virtu·
626 3253 660 3287 no
671 3239 713 3302 qui
733 3246 792 3301 post
809 3238 924 3286 divinum
942 3236 1055 3287 furorem
1076 3253 1153 3288 occo·

63 3321 102 3362 tea
122 3321 181 3362 sunt
199 3314 259 3378 quid
277 3330 369 3364 novum
385 3331 415 3365 oc
434 3314 587 3375 inauditnm,
627 3329 688 3377 pere
699 3314 773 3373 solet,
787 3314 921 3375 animoque
940 3313 1153 3377 tranquillitatem

63 3389 179 3452 adeoque
202 3388 345 3437 mortalium
368 3391 463 3439 nemini
483 3390 588 3453 cognita
627 3391 722 3439 reddit.
756 3391 821 3449 Vel;
840 3390 965 3452 pervigil:
988 3396 1066 3438 noctu
1085 3390 1152 3439 enim

61 3473 107 3514 aut
119 3466 197 3513 relata
209 3472 268 3512 sunt
278 3464 360 3513 adhue
372 3466 424 3526 ejus
436 3459 568 3528 insignia.'
603 3483 606 3487 ’
626 3466 824 3515 celebrabantur
833 3465 1078 3528 Orgia‚in'l'irracioe
1089 3480 1156 3529 prae·

96 3543 152 3590 Nou
162 3557 227 3592 recres
237 3543 261 3590 in
273 3542 353 3602 jugis,
368 3542 422 3604 t5o.]
439 3542 535 3590 Tantus
545 3555 586 3590 me
626 3543 716 3590 sertim
732 3541 871 3591 montibus.
902 3542 978 3590 Unde
990 3551 1017 3591 et
1028 3557 1086 3591 mox
1099 3543 1153 3592 He·

63 3626 152 3680 stupor
170 3618 258 3666 diuina
277 3615 389 3665 Caesaris
409 3617 524 3665 encomio
546 3631 588 3665 ea·
628 3617 666 3666 bri
679 3617 866 3680 Rhodopenque
877 3620 982 3667 mentio.

64 3704 123 3739 nere
143 3692 312 3740 meditantem
336 3690 454 3753 corripit,
476 3699 587 3754 quantus
660 3696 691 3741 10
708 3693 827 3755 Hebrum]
854 3693 905 3742 liic
925 3693 1042 3742 Tlrraciae
1061 3691 1152 3741 fluuius

65 3764 162 3812 invadit
180 3766 293 3815 Bacchas
312 3779 327 3814 e
349 3764 436 3814 furore
453 3765 540 3815 divino
559 3776 587 3815 et
627 3769 709 3817 oritur
721 3784 735 3817 e
747 3777 835 3818 monte
854 3768 978 3830 Rhodope
995 3782 1044 3815 noo
1062 3769 1151 3829 procui

64 3852 151 3887 somno
168 3844 307 3890 exsolutos.
341 3843 389 3890 Vel
406 3851 479 3892 tanto
495 3842 588 3891 ardore
629 3843 805 3906 Adrianopoli,
823 3843 919 3891 labitur
934 3845 959 3889 in
972 3842 1086 3902 AEgrenm
1101 3855 1153 3888 ma·

65 3913 201 3972 aggredior
229 3915 338 3976 Augusti
372 3917 469 3973 landes,
490 3925 587 3980 quanto
629 3934 666 3979 rc,
691 3934 706 3967 e
727 3921 831 3981 regione
851 3917 938 3964 lnaulae
958 3916 1153 3976 Samothraciae,

66 3986 176 4035 Bacchae
189 3986 280 4048 Orgia·
628 3995 731 4041 volvens
749 4006 838 4041 aureas
858 3989 983 4037 arenulas.
1011 3990 1090 4039 Solio.
1109 3991 1152 4041 tib.

96 4068 112 4112 9
126 4062 208 4125 Erine]
220 4063 314 4111 Bacclri
324 4063 474 4121 sacrificulo,
484 4066 588 4116 abEvio
629 4079 674 4113 xv.
695 4068 734 4114 De
747 4082 778 4115 eo
786 4067 840 4126 jam
853 4077 871 4111 ι.
882 4063 932 4111 00.
945 4069 985 4112 25.
997 4069 1038 4113 20.
