<?xml version="1.0" encoding="UTF-8"?>
<!DOCTYPE html PUBLIC "-//W3C//DTD XHTML 1.0 Transitional//EN"
    "http://www.w3.org/TR/xhtml1/DTD/xhtml1-transitional.dtd">
<html xmlns="http://www.w3.org/1999/xhtml" xml:lang="en" lang="en">
 <head>
  <title>
</title>
<meta http-equiv="Content-Type" content="text/html;charset=utf-8" />
  <meta name='ocr-system' content='tesseract 3.04.00' />
  <meta name='ocr-capabilities' content='ocr_page ocr_carea ocr_par ocr_line ocrx_word'/>
</head>
<body>
  <div class='ocr_page' id='page_1' title='image "./quintihoratiifl00zeungoog_0255.png"; bbox 0 0 2408 4200; ppageno 0'>
   <div class='ocr_carea' id='block_1_1' title="bbox 404 270 780 338">
    <p class='ocr_par' dir='ltr' id='par_1_1' title="bbox 404 270 780 338">
     <span class='ocr_line' id='line_1_1' title="bbox 404 270 780 338; baseline -0.016 -14"><span class='ocrx_word' id='word_1_1' title='bbox 404 279 438 338; x_wconf 78' lang='lat' dir='ltr'><strong>c.</strong></span> <span class='ocrx_word' id='word_1_2' title='bbox 462 275 622 323; x_wconf 79' lang='lat' dir='ltr'><strong>uonsru</strong></span> <span class='ocrx_word' id='word_1_3' title='bbox 647 270 780 321; x_wconf 74' lang='lat' dir='ltr'><strong>runaut</strong></span> 
     </span>
    </p>
   </div>
   <div class='ocr_carea' id='block_1_2' title="bbox 177 416 837 884">
    <p class='ocr_par' dir='ltr' id='par_1_2' title="bbox 177 416 837 884">
     <span class='ocr_line' id='line_1_2' title="bbox 177 416 757 502; baseline -0.017 -17"><span class='ocrx_word' id='word_1_4' title='bbox 177 423 310 502; x_wconf 80' lang='lat' dir='ltr'><strong>Insigne</strong></span> <span class='ocrx_word' id='word_1_5' title='bbox 325 422 454 484; x_wconf 83' lang='lat' dir='ltr'><strong>moestis</strong></span> <span class='ocrx_word' id='word_1_6' title='bbox 470 416 665 500; x_wconf 71' lang='lat' dir='ltr'><strong>praesidium</strong></span> <span class='ocrx_word' id='word_1_7' title='bbox 680 416 757 487; x_wconf 89' lang='lat' dir='ltr'><strong>reis,</strong></span> 
     </span>
     <span class='ocr_line' id='line_1_3' title="bbox 178 514 710 595; baseline -0.013 -10"><span class='ocrx_word' id='word_1_8' title='bbox 178 522 222 586; x_wconf 90' lang='lat' dir='ltr'><strong>Et</strong></span> <span class='ocrx_word' id='word_1_9' title='bbox 236 519 432 595; x_wconf 85' lang='lat' dir='ltr'><strong>consulenti,</strong></span> <span class='ocrx_word' id='word_1_10' title='bbox 449 517 573 593; x_wconf 91' lang='lat' dir='ltr'><strong>Pollio,</strong></span> <span class='ocrx_word' id='word_1_11' title='bbox 588 514 710 592; x_wconf 79' lang='lat' dir='ltr'><strong>curiae3</strong></span> 
     </span>
     <span class='ocr_line' id='line_1_4' title="bbox 220 618 725 684; baseline -0.02 0"><span class='ocrx_word' id='word_1_12' title='bbox 220 618 281 684; x_wconf 87' lang='lat' dir='ltr'><strong>Cui</strong></span> <span class='ocrx_word' id='word_1_13' title='bbox 297 621 413 684; x_wconf 88' lang='lat' dir='ltr'><strong>laurus</strong></span> <span class='ocrx_word' id='word_1_14' title='bbox 427 624 568 682; x_wconf 72' lang='lat' dir='ltr'><strong>aeternos</strong></span> <span class='ocrx_word' id='word_1_15' title='bbox 581 618 725 678; x_wconf 81' lang='lat' dir='ltr'><strong>honores</strong></span> 
     </span>
     <span class='ocr_line' id='line_1_5' title="bbox 264 713 789 797; baseline -0.015 -16"><span class='ocrx_word' id='word_1_16' title='bbox 264 716 454 781; x_wconf 87' lang='lat' dir='ltr'><strong>Dalmatico</strong></span> <span class='ocrx_word' id='word_1_17' title='bbox 468 715 599 797; x_wconf 85' lang='lat' dir='ltr'><strong>peperit</strong></span> <span class='ocrx_word' id='word_1_18' title='bbox 612 713 789 794; x_wconf 88' lang='lat' dir='ltr'><strong>triumpho.</strong></span> 
     </span>
     <span class='ocr_line' id='line_1_6' title="bbox 177 814 837 884; baseline -0.015 -1"><span class='ocrx_word' id='word_1_19' title='bbox 177 820 201 884; x_wconf 85' lang='lat' dir='ltr'>J</span> <span class='ocrx_word' id='word_1_20' title='bbox 203 838 256 882; x_wconf 88' lang='lat' dir='ltr'><strong>am</strong></span> <span class='ocrx_word' id='word_1_21' title='bbox 271 837 354 880; x_wconf 90' lang='lat' dir='ltr'><strong>nunc</strong></span> <span class='ocrx_word' id='word_1_22' title='bbox 369 814 490 879; x_wconf 80' lang='lat' dir='ltr'><strong>minaci</strong></span> <span class='ocrx_word' id='word_1_23' title='bbox 500 831 661 876; x_wconf 91' lang='lat' dir='ltr'><strong>murmure</strong></span> <span class='ocrx_word' id='word_1_24' title='bbox 678 830 837 875; x_wconf 90' lang='lat' dir='ltr'><strong>cornuum</strong></span> 
     </span>
    </p>
   </div>
   <div class='ocr_carea' id='block_1_3' title="bbox 49 1003 1141 1138">
    <p class='ocr_par' dir='ltr' id='par_1_3' title="bbox 49 1003 1141 1138">
     <span class='ocr_line' id='line_1_7' title="bbox 50 1003 1141 1073; baseline -0.013 -12"><span class='ocrx_word' id='word_1_25' title='bbox 50 1026 151 1061; x_wconf 73' lang='lat' dir='ltr'><strong>reram</strong></span> <span class='ocrx_word' id='word_1_26' title='bbox 161 1014 221 1073; x_wconf 73' lang='lat' dir='ltr'><strong>stylo</strong></span> <span class='ocrx_word' id='word_1_27' title='bbox 235 1011 345 1071; x_wconf 63' lang='lat' dir='ltr'><strong>lica-ico,</strong></span> <span class='ocrx_word' id='word_1_28' title='bbox 362 1025 376 1057; x_wconf 89' lang='lat' dir='ltr'><strong>c</strong></span> <span class='ocrx_word' id='word_1_29' title='bbox 386 1012 524 1071; x_wconf 69' lang='lat' dir='ltr'><strong>preclarum</strong></span> <span class='ocrx_word' id='word_1_30' title='bbox 533 1007 641 1057; x_wconf 76' lang='lat' dir='ltr'><strong>ulatlunr</strong></span> <span class='ocrx_word' id='word_1_31' title='bbox 652 1005 761 1055; x_wconf 83' lang='lat' dir='ltr'><strong>tristibus</strong></span> <span class='ocrx_word' id='word_1_32' title='bbox 771 1005 818 1054; x_wconf 77' lang='lat' dir='ltr'><strong>reis</strong></span> <span class='ocrx_word' id='word_1_33' title='bbox 828 1009 851 1052; x_wconf 80' lang='lat' dir='ltr'><strong>et</strong></span> <span class='ocrx_word' id='word_1_34' title='bbox 862 1003 960 1053; x_wconf 73' lang='lat' dir='ltr'><strong>Semini</strong></span> <span class='ocrx_word' id='word_1_35' title='bbox 970 1003 1089 1050; x_wconf 71' lang='lat' dir='ltr'><strong>cenidium</strong></span> <span class='ocrx_word' id='word_1_36' title='bbox 1100 1013 1141 1046; x_wconf 77' lang='lat' dir='ltr'><strong>ex·</strong></span> 
     </span>
     <span class='ocr_line' id='line_1_8' title="bbox 49 1066 1140 1138; baseline -0.013 -13"><span class='ocrx_word' id='word_1_37' title='bbox 49 1077 164 1138; x_wconf 65' lang='lat' dir='ltr'><strong>merati,</strong></span> <span class='ocrx_word' id='word_1_38' title='bbox 175 1076 264 1136; x_wconf 82' lang='lat' dir='ltr'><strong>Pellio,</strong></span> <span class='ocrx_word' id='word_1_39' title='bbox 275 1074 313 1123; x_wconf 82' lang='lat' dir='ltr'><strong>cui</strong></span> <span class='ocrx_word' id='word_1_40' title='bbox 322 1076 401 1122; x_wconf 80' lang='lat' dir='ltr'><strong>inureu</strong></span> <span class='ocrx_word' id='word_1_41' title='bbox 412 1074 542 1121; x_wconf 79' lang='lat' dir='ltr'><strong>immortale</strong></span> <span class='ocrx_word' id='word_1_42' title='bbox 549 1071 644 1134; x_wconf 81' lang='lat' dir='ltr'><strong>peracit</strong></span> <span class='ocrx_word' id='word_1_43' title='bbox 654 1072 723 1119; x_wconf 81' lang='lat' dir='ltr'><strong>deciis</strong></span> <span class='ocrx_word' id='word_1_44' title='bbox 731 1071 755 1118; x_wconf 79' lang='lat' dir='ltr'><strong>in</strong></span> <span class='ocrx_word' id='word_1_45' title='bbox 766 1067 882 1131; x_wconf 71' lang='lat' dir='ltr'><strong>triurnplo</strong></span> <span class='ocrx_word' id='word_1_46' title='bbox 895 1067 1037 1115; x_wconf 76' lang='lat' dir='ltr'><strong>Dalmatico.</strong></span> <span class='ocrx_word' id='word_1_47' title='bbox 1071 1066 1140 1111; x_wconf 78' lang='lat' dir='ltr'><strong>Jam-</strong></span> 
     </span>
    </p>
   </div>
   <div class='ocr_carea' id='block_1_4' title="bbox 509 1194 690 1216">
    <p class='ocr_par' dir='ltr' id='par_1_4' title="bbox 509 1194 690 1216">
     <span class='ocr_line' id='line_1_9' title="bbox 509 1194 690 1216; baseline -0.017 0"><span class='ocrx_word' id='word_1_48' title='bbox 509 1194 690 1216; x_wconf 57' lang='grc' dir='ltr'><strong>ΝΜΟ,</strong></span> 
     </span>
    </p>
   </div>
   <div class='ocr_carea' id='block_1_5' title="bbox 53 1270 1142 1410">
    <p class='ocr_par' dir='ltr' id='par_1_5' title="bbox 53 1270 1142 1410">
     <span class='ocr_line' id='line_1_10' title="bbox 53 1270 1141 1342; baseline -0.015 -11"><span class='ocrx_word' id='word_1_49' title='bbox 53 1296 100 1331; x_wconf 88' lang='lat' dir='ltr'><strong>nus</strong></span> <span class='ocrx_word' id='word_1_50' title='bbox 122 1284 231 1333; x_wconf 69' lang='lat' dir='ltr'><strong>neuin!</strong></span> <span class='ocrx_word' id='word_1_51' title='bbox 265 1282 420 1342; x_wconf 70' lang='lat' dir='ltr'><strong>Cecropius</strong></span> <span class='ocrx_word' id='word_1_52' title='bbox 472 1285 495 1329; x_wconf 84' lang='lat' dir='ltr'><strong>et</strong></span> <span class='ocrx_word' id='word_1_53' title='bbox 517 1280 643 1328; x_wconf 74' lang='lat' dir='ltr'><strong>coeternas</strong></span> <span class='ocrx_word' id='word_1_54' title='bbox 664 1276 733 1338; x_wconf 87' lang='lat' dir='ltr'><strong>conj.</strong></span> <span class='ocrx_word' id='word_1_55' title='bbox 763 1275 822 1323; x_wconf 81' lang='lat' dir='ltr'><strong>Nic.</strong></span> <span class='ocrx_word' id='word_1_56' title='bbox 843 1272 934 1321; x_wconf 82' lang='lat' dir='ltr'><strong>Heius.</strong></span> <span class='ocrx_word' id='word_1_57' title='bbox 957 1287 998 1334; x_wconf 86' lang='lat' dir='ltr'><strong>ap.</strong></span> <span class='ocrx_word' id='word_1_58' title='bbox 1020 1270 1141 1318; x_wconf 83' lang='lat' dir='ltr'><strong>Beati.-</strong></span> 
     </span>
     <span class='ocr_line' id='line_1_11' title="bbox 57 1333 1142 1410; baseline -0.014 -16"><span class='ocrx_word' id='word_1_59' title='bbox 57 1351 87 1395; x_wconf 78' lang='lat' dir='ltr'><strong>tt</strong></span> <span class='ocrx_word' id='word_1_60' title='bbox 104 1348 176 1410; x_wconf 85' lang='lat' dir='ltr'><strong>Lips.</strong></span> <span class='ocrx_word' id='word_1_61' title='bbox 188 1353 212 1396; x_wconf 91' lang='lat' dir='ltr'><strong>l.</strong></span> <span class='ocrx_word' id='word_1_62' title='bbox 223 1363 236 1395; x_wconf 88' lang='lat' dir='ltr'><strong>o</strong></span> <span class='ocrx_word' id='word_1_63' title='bbox 248 1347 397 1394; x_wconf 69' lang='lat' dir='ltr'><strong>Poura-rs</strong></span> <span class='ocrx_word' id='word_1_64' title='bbox 443 1344 561 1392; x_wconf 77' lang='lat' dir='ltr'><strong>elmstsd.</strong></span> <span class='ocrx_word' id='word_1_65' title='bbox 574 1359 589 1389; x_wconf 82' lang='lat' dir='ltr'><strong>n</strong></span> <span class='ocrx_word' id='word_1_66' title='bbox 601 1358 633 1390; x_wconf 89' lang='lat' dir='ltr'><strong>m.</strong></span> <span class='ocrx_word' id='word_1_67' title='bbox 652 1355 690 1405; x_wconf 87' lang='lat' dir='ltr'><strong>pr.</strong></span> <span class='ocrx_word' id='word_1_68' title='bbox 708 1344 817 1388; x_wconf 76' lang='lat' dir='ltr'><strong>externos</strong></span> <span class='ocrx_word' id='word_1_69' title='bbox 834 1338 1003 1385; x_wconf 74' lang='lat' dir='ltr'><strong>tomes-16</strong></span> <span class='ocrx_word' id='word_1_70' title='bbox 1019 1333 1142 1382; x_wconf 71' lang='lat' dir='ltr'><strong>Dalmatio</strong></span> 
     </span>
    </p>
   </div>
   <div class='ocr_carea' id='block_1_6' title="bbox 541 1468 647 1519">
    <p class='ocr_par' dir='ltr' id='par_1_6' title="bbox 541 1468 647 1519">
     <span class='ocr_line' id='line_1_12' title="bbox 541 1468 647 1519; baseline 0 -2"><span class='ocrx_word' id='word_1_71' title='bbox 541 1468 647 1519; x_wconf 77' lang='lat' dir='ltr'><strong>NorAE</strong></span> 
     </span>
    </p>
   </div>
   <div class='ocr_carea' id='block_1_7' title="bbox 52 1575 1153 4100">
    <p class='ocr_par' dir='ltr' id='par_1_7' title="bbox 52 1575 1153 4100">
     <span class='ocr_line' id='line_1_13' title="bbox 53 1575 1142 1643; baseline -0.011 -13"><span class='ocrx_word' id='word_1_72' title='bbox 53 1583 82 1630; x_wconf 89' lang='lat' dir='ltr'><strong>tli</strong></span> <span class='ocrx_word' id='word_1_73' title='bbox 95 1582 216 1636; x_wconf 65' lang='lat' dir='ltr'><strong>Odeum</strong></span> <span class='ocrx_word' id='word_1_74' title='bbox 227 1580 417 1643; x_wconf 76' lang='lat' dir='ltr'><strong>Trngoediarum</strong></span> <span class='ocrx_word' id='word_1_75' title='bbox 424 1580 576 1643; x_wconf 68' lang='lat' dir='ltr'><strong>scriptorem</strong></span> <span class='ocrx_word' id='word_1_76' title='bbox 616 1578 726 1629; x_wconf 80' lang='lat' dir='ltr'><strong>Quintil.</strong></span> <span class='ocrx_word' id='word_1_77' title='bbox 740 1575 856 1638; x_wconf 89' lang='lat' dir='ltr'><strong>pluribus</strong></span> <span class='ocrx_word' id='word_1_78' title='bbox 874 1575 953 1631; x_wconf 88' lang='lat' dir='ltr'><strong>locis;</strong></span> <span class='ocrx_word' id='word_1_79' title='bbox 971 1575 1076 1621; x_wconf 87' lang='lat' dir='ltr'><strong>Suetou.</strong></span> <span class='ocrx_word' id='word_1_80' title='bbox 1089 1580 1142 1619; x_wconf 89' lang='lat' dir='ltr'><strong>tum</strong></span> 
     </span>
     <span class='ocr_line' id='line_1_14' title="bbox 52 1648 1142 1717; baseline -0.007 -14"><span class='ocrx_word' id='word_1_81' title='bbox 52 1657 146 1717; x_wconf 87' lang='lat' dir='ltr'><strong>probet</strong></span> <span class='ocrx_word' id='word_1_82' title='bbox 157 1653 236 1702; x_wconf 82' lang='lat' dir='ltr'><strong>fuisse</strong></span> <span class='ocrx_word' id='word_1_83' title='bbox 250 1656 401 1702; x_wconf 85' lang='lat' dir='ltr'><strong>Pollionem.</strong></span> <span class='ocrx_word' id='word_1_84' title='bbox 616 1653 642 1699; x_wconf 92' lang='lat' dir='ltr'><strong>in</strong></span> <span class='ocrx_word' id='word_1_85' title='bbox 654 1653 757 1702; x_wconf 78' lang='lat' dir='ltr'><strong>Cessare</strong></span> <span class='ocrx_word' id='word_1_86' title='bbox 768 1667 824 1714; x_wconf 77' lang='lat' dir='ltr'><strong>cap.</strong></span> <span class='ocrx_word' id='word_1_87' title='bbox 837 1656 876 1699; x_wconf 71' lang='lat'><strong>³0.</strong></span> <span class='ocrx_word' id='word_1_88' title='bbox 894 1660 919 1699; x_wconf 85' lang='lat' dir='ltr'><strong>et</strong></span> <span class='ocrx_word' id='word_1_89' title='bbox 938 1657 978 1698; x_wconf 82' lang='lat'><strong>55.</strong></span> <span class='ocrx_word' id='word_1_90' title='bbox 998 1658 1049 1697; x_wconf 88' lang='lat' dir='ltr'><strong>tum</strong></span> <span class='ocrx_word' id='word_1_91' title='bbox 1062 1650 1094 1696; x_wconf 89' lang='lat' dir='ltr'><strong>de</strong></span> <span class='ocrx_word' id='word_1_92' title='bbox 1108 1648 1142 1695; x_wconf 90' lang='lat' dir='ltr'><strong>li·</strong></span> 
     </span>
     <span class='ocr_line' id='line_1_15' title="bbox 86 1726 1143 1789; baseline -0.004 -14"><span class='ocrx_word' id='word_1_93' title='bbox 86 1731 117 1776; x_wconf 75' lang='grc'><strong>12</strong></span> <span class='ocrx_word' id='word_1_94' title='bbox 141 1728 254 1789; x_wconf 81' lang='lat' dir='ltr'><strong>&#39;Cecropio</strong></span> <span class='ocrx_word' id='word_1_95' title='bbox 283 1726 406 1788; x_wconf 74' lang='lat' dir='ltr'><strong>estimo]</strong></span> <span class='ocrx_word' id='word_1_96' title='bbox 431 1726 577 1775; x_wconf 81' lang='lat' dir='ltr'><strong>Cotlrurnus</strong></span> <span class='ocrx_word' id='word_1_97' title='bbox 616 1727 903 1779; x_wconf 81' lang='lat' dir='ltr'><strong>lustr.Gramm.c.l⁰.</strong></span> <span class='ocrx_word' id='word_1_98' title='bbox 939 1726 987 1772; x_wconf 87' lang='lat' dir='ltr'><strong>Dio</strong></span> <span class='ocrx_word' id='word_1_99' title='bbox 1004 1726 1143 1771; x_wconf 74' lang='lat' dir='ltr'><strong>lxxxvu.</strong></span> 
     </span>
     <span class='ocr_line' id='line_1_16' title="bbox 53 1796 1145 1861; baseline -0.006 -10"><span class='ocrx_word' id='word_1_100' title='bbox 53 1802 236 1861; x_wconf 75' lang='lat' dir='ltr'><strong>Trsgoedorurn</strong></span> <span class='ocrx_word' id='word_1_101' title='bbox 255 1802 322 1851; x_wconf 86' lang='lat' dir='ltr'><strong>altus</strong></span> <span class='ocrx_word' id='word_1_102' title='bbox 341 1810 368 1848; x_wconf 83' lang='lat' dir='ltr'><strong>ct</strong></span> <span class='ocrx_word' id='word_1_103' title='bbox 388 1800 504 1849; x_wconf 82' lang='lat' dir='ltr'><strong>sublimis</strong></span> <span class='ocrx_word' id='word_1_104' title='bbox 526 1801 578 1848; x_wconf 76' lang='lat' dir='ltr'><strong>cul·</strong></span> <span class='ocrx_word' id='word_1_105' title='bbox 616 1814 748 1851; x_wconf 77' lang='lat' dir='ltr'><strong>xrrx.1.v.</strong></span> <span class='ocrx_word' id='word_1_106' title='bbox 780 1801 865 1849; x_wconf 80' lang='lat' dir='ltr'><strong>Tacit.</strong></span> <span class='ocrx_word' id='word_1_107' title='bbox 876 1798 920 1848; x_wconf 88' lang='lat' dir='ltr'><strong>lib.</strong></span> <span class='ocrx_word' id='word_1_108' title='bbox 935 1811 971 1846; x_wconf 84' lang='lat' dir='ltr'><strong>vr.</strong></span> <span class='ocrx_word' id='word_1_109' title='bbox 988 1798 1087 1846; x_wconf 76' lang='lat' dir='ltr'><strong>Seneca</strong></span> <span class='ocrx_word' id='word_1_110' title='bbox 1099 1796 1145 1844; x_wconf 91' lang='lat' dir='ltr'><strong>lib.</strong></span> 
     </span>
     <span class='ocr_line' id='line_1_17' title="bbox 53 1871 1145 1939; baseline -0.006 -15"><span class='ocrx_word' id='word_1_111' title='bbox 53 1890 114 1924; x_wconf 83' lang='lat' dir='ltr'><strong>ecus</strong></span> <span class='ocrx_word' id='word_1_112' title='bbox 126 1877 185 1937; x_wconf 89' lang='lat' dir='ltr'><strong>poni</strong></span> <span class='ocrx_word' id='word_1_113' title='bbox 195 1878 262 1926; x_wconf 83' lang='lat' dir='ltr'><strong>solet</strong></span> <span class='ocrx_word' id='word_1_114' title='bbox 273 1890 320 1939; x_wconf 91' lang='lat' dir='ltr'><strong>pro</strong></span> <span class='ocrx_word' id='word_1_115' title='bbox 331 1876 433 1924; x_wconf 79' lang='lat' dir='ltr'><strong>excelsa</strong></span> <span class='ocrx_word' id='word_1_116' title='bbox 443 1884 470 1922; x_wconf 87' lang='lat' dir='ltr'><strong>et</strong></span> <span class='ocrx_word' id='word_1_117' title='bbox 481 1875 577 1937; x_wconf 75' lang='lat' dir='ltr'><strong>megui-</strong></span> <span class='ocrx_word' id='word_1_118' title='bbox 618 1875 650 1924; x_wconf 88' lang='lat' dir='ltr'><strong>de</strong></span> <span class='ocrx_word' id='word_1_119' title='bbox 660 1875 804 1936; x_wconf 80' lang='lat' dir='ltr'><strong>Tranquili.</strong></span> <span class='ocrx_word' id='word_1_120' title='bbox 824 1873 919 1927; x_wconf 84' lang='lat' dir='ltr'><strong>Animi,</strong></span> <span class='ocrx_word' id='word_1_121' title='bbox 936 1872 982 1919; x_wconf 90' lang='lat' dir='ltr'><strong>sub</strong></span> <span class='ocrx_word' id='word_1_122' title='bbox 1002 1871 1096 1929; x_wconf 77' lang='lat' dir='ltr'><strong>finem5</strong></span> <span class='ocrx_word' id='word_1_123' title='bbox 1117 1878 1145 1917; x_wconf 85' lang='lat' dir='ltr'><strong>et</strong></span> 
     </span>
     <span class='ocr_line' id='line_1_18' title="bbox 53 1946 1145 2014; baseline -0.005 -16"><span class='ocrx_word' id='word_1_124' title='bbox 53 1951 102 1998; x_wconf 79' lang='lat' dir='ltr'><strong>tice</strong></span> <span class='ocrx_word' id='word_1_125' title='bbox 124 1952 249 2012; x_wconf 77' lang='lat' dir='ltr'><strong>oratione,</strong></span> <span class='ocrx_word' id='word_1_126' title='bbox 275 1951 355 2014; x_wconf 84' lang='lat' dir='ltr'><strong>qualis</strong></span> <span class='ocrx_word' id='word_1_127' title='bbox 376 1950 453 2000; x_wconf 87' lang='lat' dir='ltr'><strong>decet</strong></span> <span class='ocrx_word' id='word_1_128' title='bbox 472 1951 578 2014; x_wconf 74' lang='lat' dir='ltr'><strong>Trsgoe·</strong></span> <span class='ocrx_word' id='word_1_129' title='bbox 619 1950 702 2012; x_wconf 78' lang='lat' dir='ltr'><strong>Epist.</strong></span> <span class='ocrx_word' id='word_1_130' title='bbox 726 1946 782 1997; x_wconf 80' lang='lat'>1⁰0.</span> <span class='ocrx_word' id='word_1_131' title='bbox 809 1949 877 1995; x_wconf 86' lang='lat' dir='ltr'><strong>Veii.</strong></span> <span class='ocrx_word' id='word_1_132' title='bbox 898 1947 1029 1995; x_wconf 73' lang='lat' dir='ltr'><strong>Patercul.</strong></span> <span class='ocrx_word' id='word_1_133' title='bbox 1053 1946 1097 1993; x_wconf 89' lang='lat' dir='ltr'><strong>lib.</strong></span> <span class='ocrx_word' id='word_1_134' title='bbox 1114 1959 1145 1992; x_wconf 89' lang='lat' dir='ltr'><strong>u.</strong></span> 
     </span>
     <span class='ocr_line' id='line_1_19' title="bbox 54 2020 1145 2089; baseline -0.005 -17"><span class='ocrx_word' id='word_1_135' title='bbox 54 2024 132 2085; x_wconf 91' lang='lat' dir='ltr'><strong>diam,</strong></span> <span class='ocrx_word' id='word_1_136' title='bbox 155 2028 227 2089; x_wconf 83' lang='lat' dir='ltr'><strong>cujus</strong></span> <span class='ocrx_word' id='word_1_137' title='bbox 248 2027 321 2087; x_wconf 80' lang='lat' dir='ltr'><strong>origo</strong></span> <span class='ocrx_word' id='word_1_138' title='bbox 341 2040 372 2074; x_wconf 86' lang='lat' dir='ltr'><strong>ex</strong></span> <span class='ocrx_word' id='word_1_139' title='bbox 393 2024 511 2084; x_wconf 78' lang='lat' dir='ltr'><strong>Athenis,</strong></span> <span class='ocrx_word' id='word_1_140' title='bbox 535 2024 578 2073; x_wconf 88' lang='lat' dir='ltr'><strong>ubi</strong></span> <span class='ocrx_word' id='word_1_141' title='bbox 620 2024 687 2071; x_wconf 83' lang='lat' dir='ltr'><strong>Pliu.</strong></span> <span class='ocrx_word' id='word_1_142' title='bbox 708 2036 759 2072; x_wconf 83' lang='lat' dir='ltr'><strong>vir.</strong></span> <span class='ocrx_word' id='word_1_143' title='bbox 778 2027 818 2071; x_wconf 79' lang='lat' dir='ltr'><strong>so.</strong></span> <span class='ocrx_word' id='word_1_144' title='bbox 834 2031 860 2069; x_wconf 86' lang='lat' dir='ltr'><strong>et</strong></span> <span class='ocrx_word' id='word_1_145' title='bbox 880 2021 956 2069; x_wconf 79' lang='lat' dir='ltr'><strong>alibi:</strong></span> <span class='ocrx_word' id='word_1_146' title='bbox 975 2020 1107 2067; x_wconf 77' lang='lat' dir='ltr'><strong>Plutarch.</strong></span> <span class='ocrx_word' id='word_1_147' title='bbox 1119 2020 1145 2066; x_wconf 91' lang='lat' dir='ltr'><strong>in</strong></span> 
     </span>
     <span class='ocr_line' id='line_1_20' title="bbox 55 2096 1146 2163; baseline -0.006 -16"><span class='ocrx_word' id='word_1_148' title='bbox 55 2100 174 2161; x_wconf 80' lang='lat' dir='ltr'><strong>regnavit</strong></span> <span class='ocrx_word' id='word_1_149' title='bbox 187 2103 319 2163; x_wconf 85' lang='lat' dir='ltr'><strong>Cecrops:</strong></span> <span class='ocrx_word' id='word_1_150' title='bbox 333 2102 480 2149; x_wconf 78' lang='lat' dir='ltr'><strong>cluruernnt</strong></span> <span class='ocrx_word' id='word_1_151' title='bbox 494 2107 578 2148; x_wconf 83' lang='lat' dir='ltr'><strong>autem</strong></span> <span class='ocrx_word' id='word_1_152' title='bbox 619 2099 813 2156; x_wconf 69' lang='lat' dir='ltr'><strong>vinciensis,</strong></span> <span class='ocrx_word' id='word_1_153' title='bbox 830 2099 880 2145; x_wconf 74' lang='lat' dir='ltr'><strong>dic.</strong></span> <span class='ocrx_word' id='word_1_154' title='bbox 910 2096 1044 2157; x_wconf 67' lang='lat' dir='ltr'><strong>Virgilium</strong></span> <span class='ocrx_word' id='word_1_155' title='bbox 1061 2100 1146 2141; x_wconf 83' lang='lat' dir='ltr'><strong>eutem</strong></span> 
     </span>
     <span class='ocr_line' id='line_1_21' title="bbox 55 2167 1148 2239; baseline -0.005 -19"><span class='ocrx_word' id='word_1_156' title='bbox 55 2174 128 2235; x_wconf 90' lang='lat' dir='ltr'><strong>primi</strong></span> <span class='ocrx_word' id='word_1_157' title='bbox 140 2175 331 2237; x_wconf 82' lang='lat' dir='ltr'><strong>Trsgoediarum</strong></span> <span class='ocrx_word' id='word_1_158' title='bbox 349 2177 488 2239; x_wconf 76' lang='lat' dir='ltr'><strong>scriptores</strong></span> <span class='ocrx_word' id='word_1_159' title='bbox 498 2176 579 2224; x_wconf 62' lang='lat' dir='ltr'><strong>&#39;rheu</strong></span> <span class='ocrx_word' id='word_1_160' title='bbox 620 2171 863 2220; x_wconf 79' lang='lat' dir='ltr'><strong>Bucolical‘ollioui</strong></span> <span class='ocrx_word' id='word_1_161' title='bbox 872 2170 1032 2231; x_wconf 74' lang='lat' dir='ltr'><strong>inscripsisse</strong></span> <span class='ocrx_word' id='word_1_162' title='bbox 1040 2181 1090 2215; x_wconf 89' lang='lat' dir='ltr'><strong>non</strong></span> <span class='ocrx_word' id='word_1_163' title='bbox 1101 2167 1148 2215; x_wconf 82' lang='lat' dir='ltr'><strong>dri·</strong></span> 
     </span>
     <span class='ocr_line' id='line_1_22' title="bbox 55 2242 1148 2313; baseline -0.006 -18"><span class='ocrx_word' id='word_1_164' title='bbox 55 2248 103 2310; x_wconf 85' lang='lat' dir='ltr'><strong>pis,</strong></span> <span class='ocrx_word' id='word_1_165' title='bbox 120 2249 262 2311; x_wconf 79' lang='lat' dir='ltr'><strong>AEscliylus,</strong></span> <span class='ocrx_word' id='word_1_166' title='bbox 274 2251 424 2313; x_wconf 85' lang='lat' dir='ltr'><strong>Sophocles,</strong></span> <span class='ocrx_word' id='word_1_167' title='bbox 439 2249 580 2313; x_wconf 80' lang='lat' dir='ltr'><strong>Euripides.</strong></span> <span class='ocrx_word' id='word_1_168' title='bbox 620 2247 705 2295; x_wconf 87' lang='lat' dir='ltr'><strong>bitant</strong></span> <span class='ocrx_word' id='word_1_169' title='bbox 717 2246 829 2304; x_wconf 88' lang='lat' dir='ltr'><strong>Eruditi,</strong></span> <span class='ocrx_word' id='word_1_170' title='bbox 841 2253 869 2292; x_wconf 90' lang='lat' dir='ltr'><strong>nt</strong></span> <span class='ocrx_word' id='word_1_171' title='bbox 881 2245 1020 2293; x_wconf 77' lang='lat' dir='ltr'><strong>Mucenati</strong></span> <span class='ocrx_word' id='word_1_172' title='bbox 1038 2242 1148 2305; x_wconf 79' lang='lat' dir='ltr'><strong>Georgi·</strong></span> 
     </span>
     <span class='ocr_line' id='line_1_23' title="bbox 90 2319 922 2398; baseline -0.006 -28"><span class='ocrx_word' id='word_1_173' title='bbox 90 2326 119 2369; x_wconf 81' lang='lat' dir='ltr'><strong>la</strong></span> <span class='ocrx_word' id='word_1_174' title='bbox 133 2324 227 2371; x_wconf 82' lang='lat' dir='ltr'><strong>Moestis</strong></span> <span class='ocrx_word' id='word_1_175' title='bbox 235 2325 371 2398; x_wconf 74' lang='lat' dir='ltr'><strong>presidium</strong></span> <span class='ocrx_word' id='word_1_176' title='bbox 382 2325 441 2387; x_wconf 84' lang='lat' dir='ltr'><strong>reis]</strong></span> <span class='ocrx_word' id='word_1_177' title='bbox 452 2326 502 2372; x_wconf 90' lang='lat' dir='ltr'><strong>Seu</strong></span> <span class='ocrx_word' id='word_1_178' title='bbox 512 2323 579 2387; x_wconf 88' lang='lat' dir='ltr'><strong>quod</strong></span> <span class='ocrx_word' id='word_1_179' title='bbox 620 2335 660 2381; x_wconf 82' lang='lat' dir='ltr'><strong>cu,</strong></span> <span class='ocrx_word' id='word_1_180' title='bbox 672 2320 779 2368; x_wconf 78' lang='lat' dir='ltr'><strong>AEneirla</strong></span> <span class='ocrx_word' id='word_1_181' title='bbox 795 2319 922 2381; x_wconf 80' lang='lat' dir='ltr'><strong>Augusto.</strong></span> 
     </span>
     <span class='ocr_line' id='line_1_24' title="bbox 57 2393 1148 2446; baseline -0.005 -2"><span class='ocrx_word' id='word_1_182' title='bbox 57 2397 158 2445; x_wconf 80' lang='lat' dir='ltr'><strong>dieendi</strong></span> <span class='ocrx_word' id='word_1_183' title='bbox 176 2398 301 2446; x_wconf 80' lang='lat' dir='ltr'><strong>sacriltate</strong></span> <span class='ocrx_word' id='word_1_184' title='bbox 317 2400 472 2446; x_wconf 86' lang='lat' dir='ltr'><strong>clarissimus</strong></span> <span class='ocrx_word' id='word_1_185' title='bbox 487 2399 579 2445; x_wconf 87' lang='lat' dir='ltr'><strong>multos</strong></span> <span class='ocrx_word' id='word_1_186' title='bbox 654 2400 683 2441; x_wconf 81' lang='lat'><strong>1⁶</strong></span> <span class='ocrx_word' id='word_1_187' title='bbox 703 2395 748 2441; x_wconf 84' lang='lat' dir='ltr'><strong>Cui</strong></span> <span class='ocrx_word' id='word_1_188' title='bbox 765 2396 846 2442; x_wconf 83' lang='lat' dir='ltr'><strong>laurus</strong></span> <span class='ocrx_word' id='word_1_189' title='bbox 859 2400 958 2440; x_wconf 75' lang='lat' dir='ltr'><strong>eremos</strong></span> <span class='ocrx_word' id='word_1_190' title='bbox 975 2393 1072 2440; x_wconf 74' lang='lat' dir='ltr'><strong>bouem</strong></span> <span class='ocrx_word' id='word_1_191' title='bbox 1088 2393 1148 2439; x_wconf 86' lang='lat' dir='ltr'><strong>Dul-</strong></span> 
     </span>
     <span class='ocr_line' id='line_1_25' title="bbox 55 2467 1147 2532; baseline -0.004 -15"><span class='ocrx_word' id='word_1_192' title='bbox 55 2472 81 2518; x_wconf 91' lang='lat' dir='ltr'><strong>iu</strong></span> <span class='ocrx_word' id='word_1_193' title='bbox 95 2470 151 2518; x_wconf 83' lang='lat' dir='ltr'><strong>foro</strong></span> <span class='ocrx_word' id='word_1_194' title='bbox 162 2471 333 2520; x_wconf 84' lang='lat' dir='ltr'><strong>defenderat:</strong></span> <span class='ocrx_word' id='word_1_195' title='bbox 351 2486 396 2518; x_wconf 90' lang='lat' dir='ltr'><strong>seu</strong></span> <span class='ocrx_word' id='word_1_196' title='bbox 415 2471 481 2532; x_wconf 88' lang='lat' dir='ltr'><strong>quod</strong></span> <span class='ocrx_word' id='word_1_197' title='bbox 500 2472 578 2517; x_wconf 80' lang='lat' dir='ltr'><strong>Sene·</strong></span> <span class='ocrx_word' id='word_1_198' title='bbox 620 2471 704 2518; x_wconf 78' lang='lat' dir='ltr'><strong>ucetico</strong></span> <span class='ocrx_word' id='word_1_199' title='bbox 719 2471 810 2532; x_wconf 83' lang='lat' dir='ltr'><strong>peperit</strong></span> <span class='ocrx_word' id='word_1_200' title='bbox 827 2469 959 2531; x_wconf 75' lang='lat' dir='ltr'><strong>triumpho]</strong></span> <span class='ocrx_word' id='word_1_201' title='bbox 977 2470 1027 2519; x_wconf 82' lang='lat' dir='ltr'><strong>Qui</strong></span> <span class='ocrx_word' id='word_1_202' title='bbox 1045 2467 1147 2515; x_wconf 84' lang='lat' dir='ltr'><strong>leudem</strong></span> 
     </span>
     <span class='ocr_line' id='line_1_26' title="bbox 56 2543 1148 2607; baseline -0.001 -18"><span class='ocrx_word' id='word_1_203' title='bbox 56 2552 125 2590; x_wconf 85' lang='lat' dir='ltr'><strong>tores</strong></span> <span class='ocrx_word' id='word_1_204' title='bbox 143 2547 258 2605; x_wconf 77' lang='lat' dir='ltr'><strong>aliosque</strong></span> <span class='ocrx_word' id='word_1_205' title='bbox 278 2558 409 2605; x_wconf 85' lang='lat' dir='ltr'><strong>proceres,</strong></span> <span class='ocrx_word' id='word_1_206' title='bbox 428 2545 470 2604; x_wconf 89' lang='lat' dir='ltr'><strong>qui</strong></span> <span class='ocrx_word' id='word_1_207' title='bbox 489 2553 580 2594; x_wconf 80' lang='lat' dir='ltr'><strong>contre</strong></span> <span class='ocrx_word' id='word_1_208' title='bbox 620 2554 647 2594; x_wconf 87' lang='lat' dir='ltr'><strong>et</strong></span> <span class='ocrx_word' id='word_1_209' title='bbox 659 2546 764 2607; x_wconf 78' lang='lat' dir='ltr'><strong>glorium</strong></span> <span class='ocrx_word' id='word_1_210' title='bbox 776 2553 866 2591; x_wconf 82' lang='lat' dir='ltr'><strong>nectus</strong></span> <span class='ocrx_word' id='word_1_211' title='bbox 883 2558 909 2590; x_wconf 86' lang='lat' dir='ltr'><strong>es</strong></span> <span class='ocrx_word' id='word_1_212' title='bbox 924 2558 1051 2605; x_wconf 85' lang='lat' dir='ltr'><strong>nunquam</strong></span> <span class='ocrx_word' id='word_1_213' title='bbox 1069 2543 1148 2590; x_wconf 83' lang='lat' dir='ltr'><strong>inter·</strong></span> 
     </span>
     <span class='ocr_line' id='line_1_27' title="bbox 56 2615 1147 2677; baseline 0 -14"><span class='ocrx_word' id='word_1_214' title='bbox 56 2615 197 2676; x_wconf 70' lang='lat' dir='ltr'><strong>Augustum</strong></span> <span class='ocrx_word' id='word_1_215' title='bbox 207 2623 342 2675; x_wconf 83' lang='lat' dir='ltr'><strong>steterant,</strong></span> <span class='ocrx_word' id='word_1_216' title='bbox 350 2616 381 2663; x_wconf 86' lang='lat' dir='ltr'><strong>nd</strong></span> <span class='ocrx_word' id='word_1_217' title='bbox 390 2618 513 2665; x_wconf 86' lang='lat' dir='ltr'><strong>Pollionis</strong></span> <span class='ocrx_word' id='word_1_218' title='bbox 522 2632 581 2667; x_wconf 88' lang='lat' dir='ltr'><strong>con·</strong></span> <span class='ocrx_word' id='word_1_219' title='bbox 621 2622 768 2668; x_wconf 83' lang='lat' dir='ltr'><strong>morituram</strong></span> <span class='ocrx_word' id='word_1_220' title='bbox 782 2628 835 2668; x_wconf 85' lang='lat' dir='ltr'><strong>tum</strong></span> <span class='ocrx_word' id='word_1_221' title='bbox 847 2634 905 2667; x_wconf 87' lang='lat' dir='ltr'><strong>cum</strong></span> <span class='ocrx_word' id='word_1_222' title='bbox 918 2620 1000 2676; x_wconf 72' lang='lat' dir='ltr'><strong>laturo,</strong></span> <span class='ocrx_word' id='word_1_223' title='bbox 1017 2634 1049 2666; x_wconf 80' lang='lat' dir='ltr'><strong>er</strong></span> <span class='ocrx_word' id='word_1_224' title='bbox 1068 2633 1147 2677; x_wconf 85' lang='lat' dir='ltr'><strong>ruore,</strong></span> 
     </span>
     <span class='ocr_line' id='line_1_28' title="bbox 56 2688 1150 2756; baseline 0.003 -20"><span class='ocrx_word' id='word_1_225' title='bbox 56 2688 187 2751; x_wconf 81' lang='lat' dir='ltr'><strong>fugientes</strong></span> <span class='ocrx_word' id='word_1_226' title='bbox 210 2690 390 2751; x_wconf 76' lang='lat' dir='ltr'><strong>patrocinium,</strong></span> <span class='ocrx_word' id='word_1_227' title='bbox 414 2692 438 2738; x_wconf 90' lang='lat' dir='ltr'><strong>in</strong></span> <span class='ocrx_word' id='word_1_228' title='bbox 472 2693 580 2740; x_wconf 80' lang='lat' dir='ltr'><strong>Caessris</strong></span> <span class='ocrx_word' id='word_1_229' title='bbox 621 2693 1150 2756; x_wconf 76' lang='lat' dir='ltr'><strong>coronatustriuanplrustideSalcusDel·</strong></span> 
     </span>
     <span class='ocr_line' id='line_1_29' title="bbox 56 2763 1149 2833; baseline 0.005 -23"><span class='ocrx_word' id='word_1_230' title='bbox 56 2765 164 2826; x_wconf 73' lang='lat' dir='ltr'><strong>gratinm</strong></span> <span class='ocrx_word' id='word_1_231' title='bbox 182 2763 265 2812; x_wconf 88' lang='lat' dir='ltr'><strong>redire</strong></span> <span class='ocrx_word' id='word_1_232' title='bbox 278 2765 429 2825; x_wconf 76' lang='lat' dir='ltr'><strong>veniamque</strong></span> <span class='ocrx_word' id='word_1_233' title='bbox 442 2766 581 2826; x_wconf 76' lang='lat' dir='ltr'><strong>impetrare</strong></span> <span class='ocrx_word' id='word_1_234' title='bbox 621 2774 706 2820; x_wconf 80' lang='lat' dir='ltr'><strong>metire</strong></span> <span class='ocrx_word' id='word_1_235' title='bbox 729 2772 791 2820; x_wconf 87' lang='lat' dir='ltr'><strong>urbe</strong></span> <span class='ocrx_word' id='word_1_236' title='bbox 815 2788 830 2819; x_wconf 80' lang='lat' dir='ltr'>a</span> <span class='ocrx_word' id='word_1_237' title='bbox 850 2782 875 2820; x_wconf 87' lang='lat' dir='ltr'><strong>te</strong></span> <span class='ocrx_word' id='word_1_238' title='bbox 895 2780 1051 2833; x_wconf 77' lang='lat' dir='ltr'><strong>expugnata.</strong></span> <span class='ocrx_word' id='word_1_239' title='bbox 1084 2770 1149 2818; x_wconf 88' lang='lat' dir='ltr'><strong>lude</strong></span> 
     </span>
     <span class='ocr_line' id='line_1_30' title="bbox 58 2837 1150 2901; baseline 0.005 -17"><span class='ocrx_word' id='word_1_240' title='bbox 58 2837 209 2899; x_wconf 74' lang='lat' dir='ltr'><strong>satagebant</strong></span> <span class='ocrx_word' id='word_1_241' title='bbox 220 2854 227 2896; x_wconf 77' lang='lat'>3</span> <span class='ocrx_word' id='word_1_242' title='bbox 245 2837 336 2900; x_wconf 88' lang='lat' dir='ltr'><strong>quibus</strong></span> <span class='ocrx_word' id='word_1_243' title='bbox 350 2838 394 2886; x_wconf 90' lang='lat' dir='ltr'><strong>ille</strong></span> <span class='ocrx_word' id='word_1_244' title='bbox 410 2840 541 2901; x_wconf 74' lang='lat' dir='ltr'><strong>opitulari,</strong></span> <span class='ocrx_word' id='word_1_245' title='bbox 553 2851 582 2889; x_wconf 89' lang='lat' dir='ltr'><strong>ut</strong></span> <span class='ocrx_word' id='word_1_246' title='bbox 622 2847 770 2893; x_wconf 77' lang='lat' dir='ltr'><strong>Saloninum</strong></span> <span class='ocrx_word' id='word_1_247' title='bbox 781 2847 883 2894; x_wconf 79' lang='lat' dir='ltr'><strong>vocavit</strong></span> <span class='ocrx_word' id='word_1_248' title='bbox 892 2847 934 2893; x_wconf 77' lang='lat' dir='ltr'><strong>ille</strong></span> <span class='ocrx_word' id='word_1_249' title='bbox 946 2852 1032 2892; x_wconf 82' lang='lat' dir='ltr'><strong>nutum</strong></span> <span class='ocrx_word' id='word_1_250' title='bbox 1045 2860 1075 2892; x_wconf 91' lang='lat' dir='ltr'><strong>eo</strong></span> <span class='ocrx_word' id='word_1_251' title='bbox 1085 2854 1150 2891; x_wconf 87' lang='lat' dir='ltr'><strong>tem·</strong></span> 
     </span>
     <span class='ocr_line' id='line_1_31' title="bbox 57 2913 1150 2980; baseline 0.005 -22"><span class='ocrx_word' id='word_1_252' title='bbox 57 2922 84 2959; x_wconf 86' lang='lat' dir='ltr'><strong>ct</strong></span> <span class='ocrx_word' id='word_1_253' title='bbox 95 2913 373 2976; x_wconf 81' lang='lat' dir='ltr'><strong>HorutioVirgilioque,</strong></span> <span class='ocrx_word' id='word_1_254' title='bbox 382 2914 581 2976; x_wconf 76' lang='lat' dir='ltr'><strong>praesidiumque</strong></span> <span class='ocrx_word' id='word_1_255' title='bbox 623 2933 685 2980; x_wconf 88' lang='lat' dir='ltr'><strong>pore</strong></span> <span class='ocrx_word' id='word_1_256' title='bbox 697 2919 785 2972; x_wconf 89' lang='lat' dir='ltr'><strong>filium,</strong></span> <span class='ocrx_word' id='word_1_257' title='bbox 795 2921 869 2979; x_wconf 77' lang='lat' dir='ltr'><strong>euJ‘us</strong></span> <span class='ocrx_word' id='word_1_258' title='bbox 880 2920 1068 2966; x_wconf 84' lang='lat' dir='ltr'><strong>Genetlrliacon</strong></span> <span class='ocrx_word' id='word_1_259' title='bbox 1080 2919 1150 2965; x_wconf 81' lang='lat' dir='ltr'><strong>curiit</strong></span> 
     </span>
     <span class='ocr_line' id='line_1_32' title="bbox 57 2989 1151 3055; baseline 0.004 -19"><span class='ocrx_word' id='word_1_260' title='bbox 57 2989 146 3037; x_wconf 84' lang='lat' dir='ltr'><strong>salutis</strong></span> <span class='ocrx_word' id='word_1_261' title='bbox 157 3005 213 3037; x_wconf 85' lang='lat' dir='ltr'><strong>esse</strong></span> <span class='ocrx_word' id='word_1_262' title='bbox 226 3005 275 3038; x_wconf 89' lang='lat' dir='ltr'><strong>uon</strong></span> <span class='ocrx_word' id='word_1_263' title='bbox 287 2992 462 3053; x_wconf 75' lang='lat' dir='ltr'><strong>detrectabat,</strong></span> <span class='ocrx_word' id='word_1_264' title='bbox 474 2992 581 3055; x_wconf 84' lang='lat' dir='ltr'><strong>perinde</strong></span> <span class='ocrx_word' id='word_1_265' title='bbox 623 2993 716 3052; x_wconf 77' lang='lat' dir='ltr'><strong>virgil.</strong></span> <span class='ocrx_word' id='word_1_266' title='bbox 739 2993 827 3052; x_wconf 81' lang='lat' dir='ltr'><strong>Eclog.</strong></span> <span class='ocrx_word' id='word_1_267' title='bbox 843 3005 882 3039; x_wconf 84' lang='lat' dir='ltr'><strong>tv.</strong></span> <span class='ocrx_word' id='word_1_268' title='bbox 924 2993 1045 3038; x_wconf 89' lang='lat' dir='ltr'><strong>Fueritne</strong></span> <span class='ocrx_word' id='word_1_269' title='bbox 1067 2992 1151 3040; x_wconf 86' lang='lat' dir='ltr'><strong>Pollio</strong></span> 
     </span>
     <span class='ocr_line' id='line_1_33' title="bbox 58 3066 1150 3127; baseline -0.001 -14"><span class='ocrx_word' id='word_1_270' title='bbox 58 3080 88 3114; x_wconf 85' lang='lat' dir='ltr'><strong>sc</strong></span> <span class='ocrx_word' id='word_1_271' title='bbox 101 3066 238 3113; x_wconf 75' lang='lat' dir='ltr'><strong>Maecenas.</strong></span> <span class='ocrx_word' id='word_1_272' title='bbox 251 3080 269 3114; x_wconf 89' lang='lat' dir='ltr'><strong>r.</strong></span> <span class='ocrx_word' id='word_1_273' title='bbox 282 3066 334 3115; x_wconf 89' lang='lat' dir='ltr'><strong>Od.</strong></span> <span class='ocrx_word' id='word_1_274' title='bbox 348 3072 370 3116; x_wconf 89' lang='grc'><strong>1.</strong></span> <span class='ocrx_word' id='word_1_275' title='bbox 624 3067 718 3114; x_wconf 87' lang='lat' dir='ltr'><strong>Consul</strong></span> <span class='ocrx_word' id='word_1_276' title='bbox 740 3075 800 3115; x_wconf 87' lang='lat' dir='ltr'><strong>ante</strong></span> <span class='ocrx_word' id='word_1_277' title='bbox 822 3081 897 3127; x_wconf 85' lang='lat' dir='ltr'><strong>quam</strong></span> <span class='ocrx_word' id='word_1_278' title='bbox 919 3066 1099 3126; x_wconf 82' lang='lat' dir='ltr'><strong>triumpharet,</strong></span> <span class='ocrx_word' id='word_1_279' title='bbox 1119 3081 1150 3113; x_wconf 84' lang='lat' dir='ltr'><strong>nn</strong></span> 
     </span>
     <span class='ocr_line' id='line_1_34' title="bbox 90 3141 1151 3204; baseline -0.001 -16"><span class='ocrx_word' id='word_1_280' title='bbox 90 3145 121 3188; x_wconf 80' lang='lat' dir='ltr'><strong>lt</strong></span> <span class='ocrx_word' id='word_1_281' title='bbox 148 3141 286 3189; x_wconf 81' lang='lat' dir='ltr'><strong>Consulenti</strong></span> <span class='ocrx_word' id='word_1_282' title='bbox 319 3141 404 3204; x_wconf 73' lang='lat' dir='ltr'><strong>curie]</strong></span> <span class='ocrx_word' id='word_1_283' title='bbox 431 3142 495 3188; x_wconf 87' lang='lat' dir='ltr'><strong>Tum</strong></span> <span class='ocrx_word' id='word_1_284' title='bbox 526 3141 584 3204; x_wconf 78' lang='lat' dir='ltr'><strong>utria</strong></span> <span class='ocrx_word' id='word_1_285' title='bbox 626 3142 779 3202; x_wconf 84' lang='lat' dir='ltr'><strong>triumphum</strong></span> <span class='ocrx_word' id='word_1_286' title='bbox 794 3141 896 3188; x_wconf 76' lang='lat' dir='ltr'><strong>diruerit</strong></span> <span class='ocrx_word' id='word_1_287' title='bbox 909 3149 968 3187; x_wconf 89' lang='lat' dir='ltr'><strong>aute</strong></span> <span class='ocrx_word' id='word_1_288' title='bbox 981 3143 1151 3197; x_wconf 83' lang='lat' dir='ltr'><strong>consulatum,</strong></span> 
     </span>
     <span class='ocr_line' id='line_1_35' title="bbox 57 3215 1149 3279; baseline -0.003 -15"><span class='ocrx_word' id='word_1_289' title='bbox 57 3216 120 3264; x_wconf 86' lang='lat' dir='ltr'><strong>dsre</strong></span> <span class='ocrx_word' id='word_1_290' title='bbox 137 3217 244 3263; x_wconf 85' lang='lat' dir='ltr'><strong>consilia</strong></span> <span class='ocrx_word' id='word_1_291' title='bbox 263 3215 389 3264; x_wconf 78' lang='lat' dir='ltr'><strong>laboranti</strong></span> <span class='ocrx_word' id='word_1_292' title='bbox 403 3217 486 3264; x_wconf 77' lang='lat' dir='ltr'><strong>Curiae</strong></span> <span class='ocrx_word' id='word_1_293' title='bbox 500 3217 584 3264; x_wconf 89' lang='lat' dir='ltr'><strong>Pollio</strong></span> <span class='ocrx_word' id='word_1_294' title='bbox 625 3216 759 3279; x_wconf 86' lang='lat' dir='ltr'><strong>disputant</strong></span> <span class='ocrx_word' id='word_1_295' title='bbox 781 3217 870 3279; x_wconf 83' lang='lat' dir='ltr'><strong>aliqui,</strong></span> <span class='ocrx_word' id='word_1_296' title='bbox 893 3216 937 3263; x_wconf 86' lang='lat' dir='ltr'><strong>sed</strong></span> <span class='ocrx_word' id='word_1_297' title='bbox 961 3216 1020 3277; x_wconf 74' lang='lat' dir='ltr'><strong>quiid</strong></span> <span class='ocrx_word' id='word_1_298' title='bbox 1042 3217 1097 3263; x_wconf 71' lang='lat' dir='ltr'><strong>linc</strong></span> <span class='ocrx_word' id='word_1_299' title='bbox 1118 3215 1149 3262; x_wconf 89' lang='lat' dir='ltr'><strong>nd</strong></span> 
     </span>
     <span class='ocr_line' id='line_1_36' title="bbox 58 3290 1071 3349; baseline -0.001 -11"><span class='ocrx_word' id='word_1_300' title='bbox 58 3291 152 3338; x_wconf 80' lang='lat' dir='ltr'><strong>Consul</strong></span> <span class='ocrx_word' id='word_1_301' title='bbox 174 3290 305 3348; x_wconf 78' lang='lat' dir='ltr'><strong>debebat3</strong></span> <span class='ocrx_word' id='word_1_302' title='bbox 323 3299 375 3338; x_wconf 87' lang='lat' dir='ltr'><strong>turn</strong></span> <span class='ocrx_word' id='word_1_303' title='bbox 396 3306 456 3338; x_wconf 83' lang='lat' dir='ltr'><strong>vero</strong></span> <span class='ocrx_word' id='word_1_304' title='bbox 475 3294 585 3339; x_wconf 79' lang='lat' dir='ltr'><strong>maximo</strong></span> <span class='ocrx_word' id='word_1_305' title='bbox 624 3305 681 3349; x_wconf 84' lang='lat' dir='ltr'><strong>nos,</strong></span> <span class='ocrx_word' id='word_1_306' title='bbox 693 3300 720 3338; x_wconf 90' lang='lat' dir='ltr'><strong>et</strong></span> <span class='ocrx_word' id='word_1_307' title='bbox 733 3292 763 3339; x_wconf 83' lang='lat' dir='ltr'><strong>ad</strong></span> <span class='ocrx_word' id='word_1_308' title='bbox 777 3292 844 3338; x_wconf 89' lang='lat' dir='ltr'><strong>bunc</strong></span> <span class='ocrx_word' id='word_1_309' title='bbox 858 3291 959 3338; x_wconf 80' lang='lat' dir='ltr'><strong>Horatii</strong></span> <span class='ocrx_word' id='word_1_310' title='bbox 971 3291 1071 3337; x_wconf 85' lang='lat' dir='ltr'><strong>locum?</strong></span> 
     </span>
     <span class='ocr_line' id='line_1_37' title="bbox 57 3364 1152 3427; baseline -0.002 -17"><span class='ocrx_word' id='word_1_311' title='bbox 57 3366 125 3427; x_wconf 83' lang='lat' dir='ltr'><strong>quod</strong></span> <span class='ocrx_word' id='word_1_312' title='bbox 138 3365 170 3411; x_wconf 96' lang='lat' dir='ltr'><strong>ob</strong></span> <span class='ocrx_word' id='word_1_313' title='bbox 183 3379 304 3411; x_wconf 83' lang='lat' dir='ltr'><strong>surnmaur</strong></span> <span class='ocrx_word' id='word_1_314' title='bbox 317 3365 585 3426; x_wconf 65' lang='lat' dir='ltr'><strong>prudenssaelsudem,</strong></span> <span class='ocrx_word' id='word_1_315' title='bbox 660 3370 688 3412; x_wconf 76' lang='lat'><strong>17</strong></span> <span class='ocrx_word' id='word_1_316' title='bbox 707 3367 764 3410; x_wconf 84' lang='lat' dir='ltr'><strong>Jum</strong></span> <span class='ocrx_word' id='word_1_317' title='bbox 783 3380 844 3411; x_wconf 83' lang='lat' dir='ltr'><strong>nunc</strong></span> <span class='ocrx_word' id='word_1_318' title='bbox 863 3364 948 3410; x_wconf 77' lang='lat' dir='ltr'><strong>minuet</strong></span> <span class='ocrx_word' id='word_1_319' title='bbox 967 3378 1083 3412; x_wconf 84' lang='lat' dir='ltr'><strong>murmure</strong></span> <span class='ocrx_word' id='word_1_320' title='bbox 1101 3377 1152 3410; x_wconf 85' lang='lat' dir='ltr'><strong>cor·</strong></span> 
     </span>
     <span class='ocr_line' id='line_1_38' title="bbox 58 3438 1150 3501; baseline -0.002 -15"><span class='ocrx_word' id='word_1_321' title='bbox 58 3454 107 3486; x_wconf 89' lang='lat' dir='ltr'><strong>nec</strong></span> <span class='ocrx_word' id='word_1_322' title='bbox 127 3440 248 3484; x_wconf 85' lang='lat' dir='ltr'><strong>minorem</strong></span> <span class='ocrx_word' id='word_1_323' title='bbox 270 3438 338 3499; x_wconf 80' lang='lat' dir='ltr'><strong>opud</strong></span> <span class='ocrx_word' id='word_1_324' title='bbox 362 3441 428 3485; x_wconf 89' lang='lat' dir='ltr'><strong>viros</strong></span> <span class='ocrx_word' id='word_1_325' title='bbox 449 3439 584 3501; x_wconf 86' lang='lat' dir='ltr'><strong>Principes</strong></span> <span class='ocrx_word' id='word_1_326' title='bbox 624 3454 705 3491; x_wconf 84' lang='lat' dir='ltr'><strong>nuum,</strong></span> <span class='ocrx_word' id='word_1_327' title='bbox 728 3438 780 3499; x_wconf 72' lang='lat' dir='ltr'><strong>irc]</strong></span> <span class='ocrx_word' id='word_1_328' title='bbox 809 3439 874 3485; x_wconf 87' lang='lat' dir='ltr'><strong>Belli</strong></span> <span class='ocrx_word' id='word_1_329' title='bbox 897 3439 1042 3497; x_wconf 88' lang='lat' dir='ltr'><strong>tumultum,</strong></span> <span class='ocrx_word' id='word_1_330' title='bbox 1071 3439 1150 3499; x_wconf 67' lang='lat' dir='ltr'><strong>praelii</strong></span> 
     </span>
     <span class='ocr_line' id='line_1_39' title="bbox 59 3512 1149 3576; baseline 0 -17"><span class='ocrx_word' id='word_1_331' title='bbox 59 3514 175 3575; x_wconf 82' lang='lat' dir='ltr'><strong>gratiam,</strong></span> <span class='ocrx_word' id='word_1_332' title='bbox 185 3513 216 3558; x_wconf 88' lang='lat' dir='ltr'><strong>de</strong></span> <span class='ocrx_word' id='word_1_333' title='bbox 225 3512 411 3558; x_wconf 74' lang='lat' dir='ltr'><strong>constituendae</strong></span> <span class='ocrx_word' id='word_1_334' title='bbox 424 3513 582 3573; x_wconf 70' lang='lat' dir='ltr'><strong>Reipublicae</strong></span> <span class='ocrx_word' id='word_1_335' title='bbox 623 3516 770 3574; x_wconf 82' lang='lat' dir='ltr'><strong>strepitum,</strong></span> <span class='ocrx_word' id='word_1_336' title='bbox 783 3513 955 3574; x_wconf 81' lang='lat' dir='ltr'><strong>clangentium</strong></span> <span class='ocrx_word' id='word_1_337' title='bbox 974 3524 999 3561; x_wconf 87' lang='lat' dir='ltr'><strong>ct</strong></span> <span class='ocrx_word' id='word_1_338' title='bbox 1017 3515 1149 3576; x_wconf 83' lang='lat' dir='ltr'><strong>iucrepuu·</strong></span> 
     </span>
     <span class='ocr_line' id='line_1_40' title="bbox 58 3586 1150 3650; baseline -0.001 -16"><span class='ocrx_word' id='word_1_339' title='bbox 58 3587 209 3645; x_wconf 88' lang='lat' dir='ltr'><strong>rationibus,</strong></span> <span class='ocrx_word' id='word_1_340' title='bbox 222 3586 347 3648; x_wconf 82' lang='lat' dir='ltr'><strong>rebusque</strong></span> <span class='ocrx_word' id='word_1_341' title='bbox 366 3588 584 3646; x_wconf 83' lang='lat' dir='ltr'><strong>componendis,a</strong></span> <span class='ocrx_word' id='word_1_342' title='bbox 625 3590 686 3636; x_wconf 85' lang='lat' dir='ltr'><strong>tiuur</strong></span> <span class='ocrx_word' id='word_1_343' title='bbox 707 3589 825 3635; x_wconf 86' lang='lat' dir='ltr'><strong>tubarum</strong></span> <span class='ocrx_word' id='word_1_344' title='bbox 843 3589 913 3650; x_wconf 81' lang='lat' dir='ltr'><strong>quasi</strong></span> <span class='ocrx_word' id='word_1_345' title='bbox 928 3590 1007 3634; x_wconf 87' lang='lat' dir='ltr'><strong>rniues</strong></span> <span class='ocrx_word' id='word_1_346' title='bbox 1025 3604 1054 3636; x_wconf 88' lang='lat' dir='ltr'><strong>nc</strong></span> <span class='ocrx_word' id='word_1_347' title='bbox 1070 3596 1150 3635; x_wconf 87' lang='lat' dir='ltr'><strong>terro·</strong></span> 
     </span>
     <span class='ocr_line' id='line_1_41' title="bbox 60 3660 1150 3723; baseline -0.006 -13"><span class='ocrx_word' id='word_1_348' title='bbox 60 3661 184 3710; x_wconf 87' lang='lat' dir='ltr'><strong>Patribus</strong></span> <span class='ocrx_word' id='word_1_349' title='bbox 198 3661 273 3707; x_wconf 86' lang='lat' dir='ltr'><strong>enixe</strong></span> <span class='ocrx_word' id='word_1_350' title='bbox 286 3661 472 3708; x_wconf 73' lang='lat' dir='ltr'><strong>consulebatur.</strong></span> <span class='ocrx_word' id='word_1_351' title='bbox 626 3678 679 3710; x_wconf 90' lang='lat' dir='ltr'><strong>rem</strong></span> <span class='ocrx_word' id='word_1_352' title='bbox 693 3663 728 3709; x_wconf 88' lang='lat' dir='ltr'><strong>sie</strong></span> <span class='ocrx_word' id='word_1_353' title='bbox 743 3662 868 3723; x_wconf 64' lang='lat' dir='ltr'><strong>depingis,</strong></span> <span class='ocrx_word' id='word_1_354' title='bbox 886 3662 1006 3721; x_wconf 68' lang='lat'><strong>01101110,</strong></span> <span class='ocrx_word' id='word_1_355' title='bbox 1019 3671 1045 3708; x_wconf 89' lang='lat' dir='ltr'><strong>ut</strong></span> <span class='ocrx_word' id='word_1_356' title='bbox 1059 3664 1095 3708; x_wconf 88' lang='lat' dir='ltr'><strong>his</strong></span> <span class='ocrx_word' id='word_1_357' title='bbox 1108 3660 1150 3705; x_wconf 85' lang='lat' dir='ltr'><strong>ad-</strong></span> 
     </span>
     <span class='ocr_line' id='line_1_42' title="bbox 92 3736 1150 3799; baseline -0.002 -15"><span class='ocrx_word' id='word_1_358' title='bbox 92 3738 181 3798; x_wconf 84' lang='lat' dir='ltr'><strong>Pollio]</strong></span> <span class='ocrx_word' id='word_1_359' title='bbox 204 3736 228 3782; x_wconf 89' lang='lat' dir='ltr'><strong>ls</strong></span> <span class='ocrx_word' id='word_1_360' title='bbox 240 3744 335 3795; x_wconf 83' lang='lat' dir='ltr'><strong>orator,</strong></span> <span class='ocrx_word' id='word_1_361' title='bbox 348 3736 433 3796; x_wconf 75' lang='lat' dir='ltr'><strong>poeta,</strong></span> <span class='ocrx_word' id='word_1_362' title='bbox 446 3744 473 3784; x_wconf 90' lang='lat' dir='ltr'><strong>et</strong></span> <span class='ocrx_word' id='word_1_363' title='bbox 484 3737 584 3784; x_wconf 87' lang='lat' dir='ltr'><strong>histori-</strong></span> <span class='ocrx_word' id='word_1_364' title='bbox 626 3754 682 3786; x_wconf 86' lang='lat' dir='ltr'><strong>esse</strong></span> <span class='ocrx_word' id='word_1_365' title='bbox 698 3738 815 3785; x_wconf 84' lang='lat' dir='ltr'><strong>videatur</strong></span> <span class='ocrx_word' id='word_1_366' title='bbox 824 3738 871 3785; x_wconf 84' lang='lat' dir='ltr'><strong>sibi</strong></span> <span class='ocrx_word' id='word_1_367' title='bbox 882 3738 993 3799; x_wconf 83' lang='lat' dir='ltr'><strong>quisquis</strong></span> <span class='ocrx_word' id='word_1_368' title='bbox 1004 3736 1150 3795; x_wconf 82' lang='lat' dir='ltr'><strong>tunscripta</strong></span> 
     </span>
     <span class='ocr_line' id='line_1_43' title="bbox 59 3810 1152 3874; baseline -0.001 -17"><span class='ocrx_word' id='word_1_369' title='bbox 59 3825 104 3857; x_wconf 89' lang='lat' dir='ltr'><strong>cus</strong></span> <span class='ocrx_word' id='word_1_370' title='bbox 124 3827 174 3858; x_wconf 92' lang='lat' dir='ltr'><strong>non</strong></span> <span class='ocrx_word' id='word_1_371' title='bbox 196 3811 314 3872; x_wconf 79' lang='lat' dir='ltr'><strong>vulgaria,</strong></span> <span class='ocrx_word' id='word_1_372' title='bbox 332 3811 490 3858; x_wconf 83' lang='lat' dir='ltr'><strong>exercituum</strong></span> <span class='ocrx_word' id='word_1_373' title='bbox 507 3814 584 3859; x_wconf 86' lang='lat' dir='ltr'><strong>etiarn</strong></span> <span class='ocrx_word' id='word_1_374' title='bbox 625 3815 743 3874; x_wconf 85' lang='lat' dir='ltr'><strong>perlegit.</strong></span> <span class='ocrx_word' id='word_1_375' title='bbox 772 3814 846 3862; x_wconf 78' lang='lat' dir='ltr'><strong>erod</strong></span> <span class='ocrx_word' id='word_1_376' title='bbox 861 3815 890 3859; x_wconf 87' lang='lat' dir='ltr'><strong>tit</strong></span> <span class='ocrx_word' id='word_1_377' title='bbox 905 3829 949 3874; x_wconf 91' lang='lat' dir='ltr'><strong>per</strong></span> <span class='ocrx_word' id='word_1_378' title='bbox 962 3810 1152 3872; x_wconf 82' lang='lat' dir='ltr'><strong>liypotyposiru,</strong></span> 
     </span>
     <span class='ocr_line' id='line_1_44' title="bbox 61 3883 1151 3950; baseline 0.004 -23"><span class='ocrx_word' id='word_1_379' title='bbox 61 3883 152 3931; x_wconf 78' lang='lat' dir='ltr'><strong>ditetur</strong></span> <span class='ocrx_word' id='word_1_380' title='bbox 163 3900 211 3932; x_wconf 91' lang='lat' dir='ltr'><strong>non</strong></span> <span class='ocrx_word' id='word_1_381' title='bbox 224 3886 351 3945; x_wconf 82' lang='lat' dir='ltr'><strong>inglorius,</strong></span> <span class='ocrx_word' id='word_1_382' title='bbox 362 3887 519 3933; x_wconf 87' lang='lat' dir='ltr'><strong>consulatum</strong></span> <span class='ocrx_word' id='word_1_383' title='bbox 533 3888 585 3933; x_wconf 87' lang='lat' dir='ltr'><strong>lau-</strong></span> <span class='ocrx_word' id='word_1_384' title='bbox 626 3904 701 3950; x_wconf 90' lang='lat' dir='ltr'><strong>quam</strong></span> <span class='ocrx_word' id='word_1_385' title='bbox 721 3896 747 3935; x_wconf 85' lang='lat' dir='ltr'><strong>et</strong></span> <span class='ocrx_word' id='word_1_386' title='bbox 767 3888 808 3935; x_wconf 86' lang='lat' dir='ltr'><strong>iric</strong></span> <span class='ocrx_word' id='word_1_387' title='bbox 825 3888 947 3934; x_wconf 87' lang='lat' dir='ltr'><strong>Horatius</strong></span> <span class='ocrx_word' id='word_1_388' title='bbox 966 3883 1063 3946; x_wconf 82' lang='lat' dir='ltr'><strong>prabet</strong></span> <span class='ocrx_word' id='word_1_389' title='bbox 1081 3899 1151 3944; x_wconf 80' lang='lat' dir='ltr'><strong>egre·</strong></span> 
     </span>
     <span class='ocr_line' id='line_1_45' title="bbox 61 3955 1153 4023; baseline 0.005 -23"><span class='ocrx_word' id='word_1_390' title='bbox 61 3955 180 4005; x_wconf 78' lang='lat' dir='ltr'><strong>debiliter</strong></span> <span class='ocrx_word' id='word_1_391' title='bbox 191 3961 335 4020; x_wconf 80' lang='lat' dir='ltr'><strong>gessitcuru</strong></span> <span class='ocrx_word' id='word_1_392' title='bbox 346 3961 393 4008; x_wconf 89' lang='lat' dir='ltr'><strong>Cn.</strong></span> <span class='ocrx_word' id='word_1_393' title='bbox 404 3961 586 4010; x_wconf 87' lang='lat' dir='ltr'><strong>DomitioCai·</strong></span> <span class='ocrx_word' id='word_1_394' title='bbox 626 3965 703 4023; x_wconf 81' lang='lat' dir='ltr'><strong>giam,</strong></span> <span class='ocrx_word' id='word_1_395' title='bbox 728 3972 780 4010; x_wconf 85' lang='lat' dir='ltr'><strong>tunt</strong></span> <span class='ocrx_word' id='word_1_396' title='bbox 805 3964 924 4023; x_wconf 76' lang='lat' dir='ltr'><strong>graphice</strong></span> <span class='ocrx_word' id='word_1_397' title='bbox 953 3957 1099 4018; x_wconf 84' lang='lat' dir='ltr'><strong>exprimens</strong></span> <span class='ocrx_word' id='word_1_398' title='bbox 1123 3973 1153 4006; x_wconf 85' lang='lat' dir='ltr'><strong>ea</strong></span> 
     </span>
     <span class='ocr_line' id='line_1_46' title="bbox 63 4030 1153 4100; baseline 0.004 -26"><span class='ocrx_word' id='word_1_399' title='bbox 63 4030 130 4088; x_wconf 84' lang='lat' dir='ltr'><strong>vino,</strong></span> <span class='ocrx_word' id='word_1_400' title='bbox 143 4047 183 4080; x_wconf 84' lang='lat' dir='ltr'><strong>au.</strong></span> <span class='ocrx_word' id='word_1_401' title='bbox 196 4036 228 4081; x_wconf 92' lang='lat' dir='ltr'><strong>U.</strong></span> <span class='ocrx_word' id='word_1_402' title='bbox 240 4036 268 4084; x_wconf 88' lang='lat' dir='ltr'><strong>C.</strong></span> <span class='ocrx_word' id='word_1_403' title='bbox 280 4039 336 4082; x_wconf 81' lang='grc'>713.</span> <span class='ocrx_word' id='word_1_404' title='bbox 369 4036 430 4097; x_wconf 87' lang='lat' dir='ltr'><strong>Ejus</strong></span> <span class='ocrx_word' id='word_1_405' title='bbox 449 4037 586 4086; x_wconf 79' lang='lat' dir='ltr'><strong>naeuiiuere</strong></span> <span class='ocrx_word' id='word_1_406' title='bbox 629 4039 685 4100; x_wconf 86' lang='lat' dir='ltr'><strong>ipsa</strong></span> <span class='ocrx_word' id='word_1_407' title='bbox 705 4052 761 4099; x_wconf 74' lang='lat' dir='ltr'><strong>quae</strong></span> <span class='ocrx_word' id='word_1_408' title='bbox 783 4036 868 4083; x_wconf 79' lang='lat' dir='ltr'><strong>insidat</strong></span> <span class='ocrx_word' id='word_1_409' title='bbox 885 4036 909 4080; x_wconf 91' lang='lat' dir='ltr'><strong>in</strong></span> <span class='ocrx_word' id='word_1_410' title='bbox 927 4031 1053 4094; x_wconf 82' lang='lat' dir='ltr'><strong>Pollione,</strong></span> <span class='ocrx_word' id='word_1_411' title='bbox 1074 4042 1102 4082; x_wconf 85' lang='lat' dir='ltr'><strong>ut</strong></span> <span class='ocrx_word' id='word_1_412' title='bbox 1122 4047 1153 4080; x_wconf 80' lang='lat' dir='ltr'><strong>es</strong></span> 
     </span>
    </p>
   </div>
   <div class='ocr_carea' id='block_1_8' title="bbox 0 0 1223 4200">
    <p class='ocr_par' dir='ltr' id='par_1_8' title="bbox 0 0 1223 4200">
     <span class='ocr_line' id='line_1_47' title="bbox 0 0 1223 4200; baseline 0 0"><span class='ocrx_word' id='word_1_413' title='bbox 0 0 1223 4200; x_wconf 95' lang='lat' dir='ltr'><strong> </strong></span> 
     </span>
    </p>
   </div>
  </div>
 </body>
</html>
