2408 4200
403 276 608 324 cunuruou
635 277 706 323 tun.
730 277 754 323 ι.
777 261 827 324 15.

194 418 313 482 Genti!
335 417 358 481 J
361 437 413 480 am
428 417 556 498 galeam
574 417 688 481 Palles
703 423 737 481 et
753 416 863 498 aegida

235 519 422 600 Cumasque
437 525 471 580 et
483 518 609 580 rabiem
625 523 734 600 porat.

192 616 439 699 Nequicqunm‚
456 617 596 680 Venetis
610 618 769 699 praesidio
784 618 889 694 ferox,

191 718 307 780 Pectcs
322 720 505 793 caesariem,
519 725 679 798 grataque
695 716 843 779 foeminis

196 816 327 881 Imbelli
342 818 470 882 cithara
483 818 630 880 carmina
646 817 798 880 divides:

232 921 468 1004 Nequicquam
483 919 628 983 thalamo
642 938 760 1000 graves

64 1106 218 1168 Pallaeaptat
226 1108 340 1157 emridem
351 1113 374 1154 et
386 1107 501 1170 clypeam,
513 1112 536 1154 et
546 1119 637 1160 meror,
652 1111 676 1153 et
686 1105 801 1164 sanorem.
835 1107 938 1155 Frustra
948 1109 1057 1170 ruperint
1067 1107 1094 1156 ab
1109 1108 1153 1156 Ve-

61 1171 127 1218 nerin
141 1171 250 1230 savorem
265 1177 344 1233 pectet
362 1184 462 1228 comatur,
481 1175 505 1216 et
521 1171 574 1231 lyra
590 1168 654 1214 molli
662 1169 778 1226 jucundae
790 1170 926 1217 molieridae
936 1172 1062 1219 cantilenae
1073 1171 1153 1219 dietri-

63 1231 126 1282 dttee.
151 1235 341 1296 Frentrasugier
351 1235 445 1282 lanceae
453 1232 554 1294 nuptiali
563 1238 615 1278 toro
626 1233 741 1294 molestae,
751 1239 775 1281 et
783 1248 878 1281 acumen
886 1234 987 1282 telarum
1000 1234 1154 1293 Cretensium,

522 1358 611 1377 ΜΝΟ
614 1358 699 1378 ΙΟΝΙΟ

64 1439 154 1488 Carras
179 1446 203 1488 et
227 1440 301 1491 Harl.
324 1450 346 1491 6.
371 1443 397 1490 in
417 1442 507 1490 radient
527 1446 596 1504 parat
619 1440 674 1491 Alt.
701 1446 790 1490 n-rt
818 1441 900 1490 Codd.
926 1441 1027 1490 variant
1052 1442 1153 1501 Cnouii,

558 1570 662 1619 NOTAE

59 1662 174 1712 condidit
194 1679 248 1712 enm
269 1673 381 1727 gentem,
403 1680 460 1730 que
483 1679 498 1713 a
518 1664 583 1714 Τιοέ
625 1665 772 1730 presidium
780 1662 1152 1722 Venerieminlmebellicorm

58 1746 148 1800 pastea
160 1741 272 1803 Trojano
283 1741 354 1791 dicta
364 1749 413 1791 ert.
447 1741 488 1790 Ab
501 1757 531 1790 eo
542 1757 583 1790 or·
625 1743 704 1790 multo
717 1742 798 1789 ntinut
810 1741 915 1790 decebit
928 1741 1022 1788 illator
1031 1748 1152 1788 uenustas

58 1817 234 1866 tntl'rlamur.
246 1819 581 1882 virgitffinudmunrnt.
625 1826 652 1865 et
671 1818 755 1864 cultus
775 1818 906 1878 corporis:
933 1831 989 1878 qoae
1008 1815 1076 1878 apud
1098 1831 1152 1864 mu·

57 1891 216 1940 ‘Derdnnne
235 1894 323 1943 iliacae
343 1896 439 1955 primns
458 1903 584 1957 puterur·
626 1893 701 1941 lieren
719 1893 806 1940 valent
827 1892 940 1955 quidem,
960 1906 1009 1939 non
1032 1892 1070 1939 itn
1089 1906 1152 1939 vero

60 1963 99 2012 bin
111 1971 137 2013 et
148 1967 257 2026 auctor,'
268 1971 317 2015 tce.
625 1969 748 2016 adversus
756 1969 863 2015 hortem.
882 1966 1033 2028 Videruprn
1043 1967 1094 2016 0d.
1102 1981 1152 2015 ιιι.

93 2042 120 2086 11
140 2040 197 2086 dam
226 2043 317 2101 galeam
346 2043 426 2091 Pallae
453 2051 475 2092 et
496 2046 585 2108 opida]
627 2059 663 2092 ve.
680 2047 720 2091 tt.
746 2042 823 2104 Apud
835 2042 940 2088 Homer.
951 2041 1027 2087 Iliad.
1044 2047 1068 2087 Γ.
1085 2041 1152 2088 idern

60 2113 148 2161 Pallae
169 2122 196 2161 et
214 2115 282 2165 Juuo
306 2131 352 2177 pro
372 2118 470 2166 Grecis
490 2133 585 2181 pugno·
626 2117 701 2165 Parin
714 2117 751 2163 nic
764 2117 922 2174 admonetur,
937 2113 1152 2175 objurgotnrqne:

60 2189 123 2236 bant
132 2203 236 2252 nempe:
247 2198 299 2240 tum
309 2192 375 2257 qnod
387 2193 508 2242 manebat
518 2195 585 2242 ‘alta
625 2196 633 2221 ⁴
646 2195 750 2243 inutilis
763 2194 813 2241 erit
826 2192 873 2240 tibi
884 2192 994 2248 cithara,
1005 2204 1034 2238 nc
1050 2204 1154 2238 munnere

58 2270 144 2313 mente
164 2272 293 2328 repartum
315 2266 448 2318 Jndicium
471 2268 585 2329 Paridis,
627 2269 747 2330 Venerin,
758 2275 784 2316 et
795 2282 876 2321 coma,
887 2265 1036 2327 etspecies,
1052 2265 1153 2326 qnando

57 2348 203 2403 epretaeqne
216 2342 309 2404 injuria
326 2342 435 2406 forma-f
453 2351 505 2393 tum
524 2345 585 2406 quia
626 2347 693 2394 humi
707 2346 731 2392 iu
744 2345 850 2406 pulvere
857 2338 1080 2403 jecebiemixtut.'

56 2416 129 2476 virgo
141 2416 227 2464 Pullus
240 2416 367 2479 flagitioeo
384 2418 474 2467 Paridi
485 2418 585 2467 intensa
659 2425 687 2469 16
707 2420 808 2468 Cithara
823 2417 927 2466 earmina
944 2415 1045 2478 diuidet]
1062 2413 1153 2463 Modu-

58 2498 124 2538 errt.
153 2493 373 2543 Porrolnellicoree
393 2495 495 2543 Palladi
510 2503 584 2543 nocta
625 2496 718 2545 laberis
736 2495 867 2556 distincte,
887 2491 1020 2555 concinne,
1038 2507 1070 2540 ex
1087 2501 1154 2549 crte,

57 2572 180 2628 aptantur
197 2569 239 2616 hic
259 2584 339 2619 arma.
365 2570 444 2618 Ouid.
464 2571 530 2618 Met.
545 2585 583 2620 vr.
625 2573 701 2622 modo
717 2575 772 2635 lues,
784 2573 860 2622 modo
878 2574 937 2621 lntoe
951 2571 1082 2634 carpendo
1094 2583 1152 2617 ncr-

58 2646 99 2690 ⁷9.
126 2643 199 2690 ‘Dat
215 2645 312 2705 galeam
328 2646 417 2705 capiti,
436 2643 585 2693 defenditur
625 2661 683 2695 von:
710 2663 760 2696 non
779 2648 912 2707 malecic;
939 2648 1026 2695 nreliue
1047 2653 1151 2694 tanuen:

59 2715 142 2776 aegidc
160 2718 267 2777 pertun?
294 2720 386 2781 virgil.
406 2716 505 2767 AEueid.
520 2733 583 2768 cru.
625 2724 700 2772 modo
712 2725 776 2786 lyra,
787 2724 863 2772 modo
875 2737 938 2772 voce
949 2722 1098 2772 alternatim
1111 2736 1152 2768 cu·

59 2793 116 2838 ⁴³⁵.
140 2791 585 2855 ‘AEgidaquehortilicnmturbate
627 2799 727 2847 nendo:
750 2808 776 2847 nt
796 2801 894 2861 optime
916 2799 958 2846 elii
979 2799 1152 2857 interpretari·

57 2865 172 2915 Palladis
184 2865 273 2916 arma!
299 2870 381 2919 Quem
394 2869 417 2917 in
430 2870 511 2919 locum
526 2872 583 2920 Set·
626 2880 677 2933 tur,
689 2875 854 2922 mulierosum
868 2871 986 2919 Paridem
997 2870 1151 2929 modolruic,

56 2942 111 2989 vion
129 2943 165 2991 ita
183 2943 290 2993 ecribit:
309 2943 396 3009 ‘AEgin
416 2947 527 3009 pectoris
543 2956 582 2996 ent
624 2948 698 2994 modo
708 2948 743 2992 illl
756 2947 867 2993 lamium
879 2947 1026 3006 gratificari,
1038 2960 1068 2993 nc
1079 2960 1150 2992 ruam

55 3019 250 3080 munimentum,
267 3019 362 3069 holtem
381 3023 407 3069 iu
419 3023 503 3070 medio
516 3023 580 3070 Gor·
622 3022 716 3079 cuique
729 3020 883 3065 cantilenam
893 3018 1039 3077 dispertire.
1064 3019 1107 3063 ste
1117 3021 1153 3063 in·

58 3091 224 3152 gonincnput.
253 3095 329 3144 Quod
342 3096 362 3141 si
375 3098 400 3141 in
411 3095 583 3154 pectoreNu-
625 3093 667 3138 ira
686 3090 738 3136 Od.
762 3102 863 3135 xxxvl.
885 3088 1020 3134 ‘dividere
1048 3089 1153 3146 osculn,’

59 3161 133 3206 minin
153 3162 243 3221 inerit,
259 3167 352 3224 ‘tegis'
371 3174 495 3212 vocatur:
521 3168 541 3210 nl
559 3166 584 3210 in
627 3170 675 3221 eet,
686 3162 792 3220 cingulis
803 3161 865 3205 dore
877 3161 972 3205 orcula.

59 3234 166 3281 hominis
179 3242 295 3294 pectore,
314 3247 340 3282 ut
362 3236 386 3280 iu
408 3236 518 3296 antiquis
536 3237 586 3282 lm·
662 3234 753 3280 lmltelti
771 3229 874 3291 eithara]
890 3230 946 3279 Hac
965 3231 1068 3294 quidem
1086 3237 1152 3283 tele-

60 3314 206 3369 petntorum
225 3311 317 3356 statuis
340 3309 465 3368 videmus,
482 3309 588 3356 ‘lorica’
628 3309 673 3357 bnt
694 3309 779 3369 Parin,
796 3307 840 3356 ned
862 3323 936 3370 quum
960 3308 1080 3357 bellicoso
1099 3312 1152 3361 uiro

61 3382 174 3429 dicitur.’
630 3398 717 3446 perum
736 3383 893 3441 conveniret,
911 3384 1025 3433 ostendit
1042 3383 1153 3434 Alexan·

96 3459 125 3502 12
145 3455 276 3516 Carrarque
294 3463 318 3505 et
336 3457 436 3519 rabiem]
457 3455 537 3519 Rigas
561 3465 587 3504 et
628 3459 726 3508 derillc
747 3461 867 3520 Magnos,
887 3474 944 3507 cum
965 3457 1068 3508 Paridis
1082 3472 1152 3520 spre-

59 3530 197 3594 qttodrigan
218 3531 323 3579 bellicas
349 3533 434 3581 l‘nllnn
458 3532 586 3581 invenisne
627 3536 663 3582 vit
681 3537 815 3594 citharam,
833 3534 939 3583 Acltillin
959 3532 1069 3595 optavit.
1104 3532 1152 3583 lllu

59 3607 161 3655 fertur:
180 3613 206 3653 et
219 3607 286 3667 apud
295 3607 401 3655 Homer.
413 3624 427 3656 e
437 3624 522 3669 curru,
535 3624 584 3657 non
626 3610 746 3658 videlieet
756 3623 890 3657 amoresac
902 3607 1151 3668 nugae,lmclreroum

58 3696 91 3730 en
110 3695 177 3742 equo
197 3681 302 3742 pugnari
320 3681 447 3728 scribitur.
475 3683 584 3745 Rubiem]
625 3684 897 3731 londercclebruntur.
915 3682 1049 3729 Plutarch.

59 3758 137 3816 Item,
152 3757 362 3817 indignationem,
372 3755 492 3817 furorem,
503 3765 530 3805 et
539 3760 583 3806 im·
659 3762 690 3804 16
710 3758 870 3817 Neqnicqnam
881 3758 981 3804 tlalamo
991 3773 1077 3815 graneo
1089 3759 1149 3810 Hat-

61 3831 584 3894 petumanulini,qnaeqtti‹le1nuixnbnnnt
625 3837 670 3886 tan,
688 3831 740 3891 δια]
760 3830 834 3877 Licet
853 3829 925 3876 initio
945 3832 1024 3878 amori
1042 3847 1071 3881 nc
1087 3850 1149 3899 nup·

59 3920 75 3953 e
88 3921 248 3970 quocumque
261 3906 338 3954 bello.
625 3904 727 3953 tialibus
743 3904 813 3965 jocis
837 3916 921 3963 vacet,
941 3912 968 3951 at
993 3906 1095 3959 tandem
1118 3915 1148 3959 ml

94 3986 123 4028 lll
144 3980 585 4045 Nonnunquam,Venerieproecidiose·
623 3994 694 4026 anum
718 3976 920 4025 concurrendum
945 3980 1003 4040 crit,
1029 3995 1054 4033 et
1080 4003 1149 4034 sertus

61 4070 115 4118 roa,
134 4061 185 4120 lfa]
211 4061 285 4108 Τιιιιο
315 4071 404 4121 piarum
428 4056 530 4116 jtrvebit
559 4066 583 4103 tc
624 4057 786 4117 licetptnnan
804 4053 928 4119 exsolves,
947 4061 1150 4121 cumlrumipm-
