2408 4200
48 255 116 323 tos
169 312 175 323 .
406 275 441 335 u.
462 272 623 323 nostru
647 273 780 324 rusoor

91 411 198 476 Simul
212 416 330 477 unctos
344 411 511 479 'Iiboriuis
523 413 680 480 humeros
692 413 777 480 iuvit
789 414 825 479 in
840 412 949 492 undis,
1012 448 1015 453 ·

48 589 1140 657 mimmemesatentartpnnutemtmumpegunmwdsmm

500 733 681 758 ”W

52 827 170 879 scribunt
188 830 274 880 Beati.
287 830 395 894 Cauiug.
409 832 480 891 isui,
497 834 603 883 utinen.
621 833 727 897 Bipout.
737 838 765 882 et
775 829 884 880 Wetsel.
901 825 1007 891 Lipmoei
1017 824 1141 888 ruia.-

52 896 69 941 s
84 891 167 941 ‘ilus
185 894 271 956 rerba,
288 896 365 971 Simul
382 898 598 957 usctm...rmdis,
610 898 653 946 irio
666 898 799 972 postuitsr
809 894 888 945 Hebri
904 892 1027 968 e3h1b9112
1041 902 1140 952 ΟΜ

52 952 1144 1093 ttttlttlttttt·{titftlltflt‘t‘liztttttttbnttt:itlssttilb

52 1083 90 1132 sic
101 1082 195 1147 legisse
205 1093 323 1147 apparet.
355 1087 447 1149 Neque
466 1100 481 1135 s
501 1086 684 1150 Porphyrionis
696 1096 758 1136 uota
770 1092 865 1149 potest.
881 1097 940 1132 euru
952 1083 1029 1130 aliter
1039 1078 1143 1144 teglae,

54 1145 175 1196 derisuri.
207 1148 258 1197 Sed
291 1148 370 1198 rimus
386 1148 468 1199 Aldus
486 1150 552 1215 bec,
565 1150 658 1200 Simul.
669 1182 677 1198 .
687 1150 785 1208 .ssdis,
803 1149 897 1210 rejecit
918 1153 977 1209 post
989 1144 1069 1193 verbu
1083 1143 1143 1205 pede

53 1209 137 1270 sistes,
149 1225 186 1259 ss.
198 1215 222 1260 8.
234 1225 249 1260 s
260 1163 401 1262 demensi
412 1211 503 1263 codice
514 1215 636 1263 Stsuislai
647 1214 717 1264 Zeus
732 1213 862 1278 (sinesin
878 1211 986 1273 ejusque
997 1207 1144 1269 exemplum

54 1286 144 1321 omnes
155 1276 339 1337 propemodum
351 1284 440 1339 postes
455 1277 581 1327 editiones
599 1284 706 1340 mentm,
722 1285 753 1326 ut
767 1277 856 1326 Basili.
868 1273 955 1322 lamb.
966 1271 1066 1321 Marcii.
1078 1268 1144 1317 Asc.

56 1334 155 1386 Fabric.
176 1339 266 1401 steph.
282 1340 372 1389 Heius.
385 1341 437 1388 Rut
457 1340 538 1391 ,ran
549 1342 647 1391 Dseer.
663 1342 696 1390 sl.
729 1340 803 1391 Quod
818 1339 905 1387 Beati.
923 1339 968 1395 sit,
981 1333 1074 1383 Aldnm
1091 1346 1144 1380 uou

55 1398 148 1475 vidisse
159 1401 242 1464 ipsum
251 1404 365 1452 codicem
376 1354 540 1467 andsuum,
550 1404 598 1454 sed
614 1403 765 1469 Imposuisse
774 1404 813 1452 illi
823 1403 976 1452 nebulonem
986 1399 1104 1473 aliquem,
1114 1395 1143 1443 in

55 1476 86 1511 eo
101 1477 139 1512 vir
151 1465 313 1515 doctissimus
324 1467 438 1529 graviter
449 1475 529 1518 errat.
564 1468 632 1517 Num
651 1469 732 1518 Aldus
748 1466 796 1516 ‘sd
813 1467 955 1515 semiesum
967 1463 998 1511 ab
1008 1473 1088 1509 emico
1099 1473 1146 1507 co·

57 1526 139 1574 dicem
158 1529 241 1589 ipsum
262 1543 289 1577 se
307 1529 443 1576 babuisse·
458 1529 490 1576 sd
509 1531 534 1578 ir.
552 1530 569 1578 Ι.
587 1532 677 1579 tradit.
710 1532 745 1579 Et
759 1538 816 1592 post
833 1531 912 1579 etiam
924 1530 949 1576 ln
962 1524 1059 1575 dnobus
1070 1521 1148 1571 codd.

56 1590 141 1636 collat.
153 1591 213 1636 Sex.
226 1604 267 1650 sp.
278 1591 357 1638 (issu.
369 1597 488 1650 repertas
498 1599 538 1638 est
549 1591 658 1640 Aldinns
670 1592 805 1639 verboram
816 1594 887 1640 ordo.
920 1591 971 1640 Sed
983 1590 1008 1637 in
1023 1589 1071 1636 hoc
1081 1584 1145 1635 (lsr-

56 1652 123 1698 miue
134 1652 241 1712 ejusque
253 1659 336 1699 metro
351 1651 440 1699 faciles
458 1659 532 1700 eraut
551 1667 666 1701 vemuum
687 1660 714 1701 et
735 1655 868 1702 verborum
890 1654 1100 1711 permutationes,
1116 1655 1150 1699 nt

55 1714 185 1761 Bacurius
197 1713 282 1763 docet.
308 1713 386 1765 Quod
397 1722 574 1776 argumentum
585 1714 668 1762 Aldus
677 1715 750 1762 durii
761 1730 776 1762 a
787 1717 866 1762 verbo
877 1713 1147 1787 Belleroptonse‚quorl

55 1789 106 1823 nou
118 1774 346 1841 efficiuntqustnor
355 1777 451 1825 nltitnre
459 1777 565 1839 syllaba
574 1776 689 1826 lonicum
702 1778 833 1839 sminore,
842 1778 887 1825 sed
900 1777 1022 1824 Poeonem
1032 1784 1148 1836 tertium,

56 1839 166 1904 ideoque
177 1841 262 1889 nonin
275 1840 358 1889 medio
369 1853 444 1888 versu
454 1841 499 1888 sed
511 1841 537 1888 iu
549 1848 667 1890 extremo
677 1840 740 1889 illud
752 1840 929 1890 collocandum
941 1839 984 1894 sit,
993 1837 1018 1886 id
1028 1837 1090 1885 satis
1103 1851 1146 1886 re-

56 1902 172 1953 futarunt
190 1905 268 1967 Cruq.
283 1904 405 1954 Glarean.
423 1911 451 1952 et
471 1905 558 1953 Bentl.
590 1904 657 1954 Num
670 1904 765 1954 dicitur
779 1906 866 1959 etism.
884 1910 913 1951 ut
929 1898 1090 1957 ‘Anchisen'
1106 1901 1146 1950 sic

56 1968 297 2028 ‘Bellerophontem
317 1967 356 2026 se:
374 1982 388 2015 e
409 1967 456 2016 Gr.
467 1966 670 2030 Βελλεροφόντης,
688 1985 724 2025 ov,
740 1983 791 2031 qno
810 1975 886 2030 pacto
906 1965 1011 2014 ablativi
1030 1965 1148 2012 ultimum

58 2029 163 2093 produci
177 2043 283 2078 necesse
295 2038 346 2080 est.
380 2031 500 2094 Denique
512 2032 567 2095 jam
579 2033 701 2081 Torreat.
712 2039 783 2081 recte
793 2031 951 2090 observavit,
959 2030 985 2077 iu
997 2027 1092 2076 Aldine
1103 2040 1147 2075 or-

58 2092 118 2141 dine
135 2092 185 2140 sibi
204 2106 255 2142 non
274 2101 392 2143 conitere
411 2097 576 2159 sententium,
595 2096 664 2159 qnod
684 2105 774 2160 postes
793 2096 880 2144 ilenti.
893 2093 1009 2155 pluribus
1022 2089 1150 2141 ostendit.

58 2155 125 2205 Nam
138 2157 246 2217 primum
258 2156 346 2220 inepte
357 2157 453 2207 dicitur
464 2159 570 2209 Hebrus
582 2174 657 2223 equo,
664 2174 758 2224 pugno,
768 2158 835 2220 pede
845 2158 967 2212 invictus,
978 2157 1048 2205 maeel
1057 2159 1150 2210 unetos,

58 2221 98 2280 qu.
117 2219 141 2267 lr.
153 2228 276 2283 postquam
286 2222 358 2270 levit.
393 2221 494 2272 Deinde
505 2223 542 2270 sic
549 2223 668 2284 jungitur
679 2225 743 2271 sitm
753 2223 839 2278 Hebri,
855 2237 939 2284 equom
956 2219 1024 2284 qnod
1035 2218 1148 2267 occssio·

58 2296 117 2330 nent
128 2283 202 2332 dedit
214 2286 285 2347 gravi
298 2286 335 2334 ilii
346 2285 539 2348 reprehensioni
549 2287 577 2335 Τ.
591 2287 677 2346 Fabri,
689 2302 704 2336 ι
714 2286 826 2335 Ducerio
839 2285 958 2346 repetitae
970 2300 976 2331 ε
996 2291 1002 2310 ‘
1030 2283 1157 2330 cesimum·

58 2346 124 2395 huuc
136 2361 193 2396 esse
205 2355 233 2396 et
244 2349 461 2411 corruptissimam
474 2349 644 2396 cacozeliam!
676 2350 735 2398 Non
745 2347 863 2396 sufficere
875 2348 1001 2395 videtnra
1035 2347 1082 2392 boc
1100 2344 1152 2392 cri·

60 2423 117 2458 mon
129 2410 320 2472 depellendum,
330 2411 398 2474 quod
409 2413 472 2458 nitor
484 2411 561 2458 Hebri
573 2421 614 2459 est
625 2425 671 2472 pro
688 2411 697 2437 ‘
705 2411 809 2460 Hebrus
821 2410 836 2456 τ’
851 2410 895 2457 sed
908 2418 1029 2457 revocato
1042 2407 1150 2469 antiqno

61 2475 197 2522 verborum
209 2475 297 2523 ordine
309 2475 393 2521 omniu
405 2474 469 2521 bene
481 2473 595 2522 hubent!
609 2474 677 2522 Jnssi.
710 2473 841 2536 biparinis,
852 2487 898 2534 pro
912 2472 1036 2528 Tiberinis,
1046 2472 1149 2519 emend.

60 2535 128 2583 Sirr.
144 2538 270 2599 opinionis
288 2551 340 2584 suae
356 2538 389 2585 de
407 2537 455 2585 iroc
474 2538 595 2586 Carmine
610 2551 698 2586 csuss.
719 2537 777 2585 latit
787 2537 864 2597 undis,
874 2537 968 2585 omisso
978 2536 1013 2596 in,
1024 2533 1077 2583 i’cre
1089 2531 1152 2584 edd.

550 2676 659 2727 NOTAE

63 2795 190 2850 nocteque
202 2801 255 2837 rem
267 2793 375 2838 crustum
384 2789 468 2839 auimo
477 2790 586 2841 duntu-
626 2792 704 2849 culta,
714 2799 742 2843 et
752 2807 813 2843 erce
824 2792 922 2842 munita
934 2799 983 2840 est.

62 2873 90 2914 ut
100 2862 199 2926 objicit,
211 2864 317 2912 eliorum
327 2866 436 2914 omnium
449 2880 534 2915 rerum
545 2881 587 2916 co·
658 2869 732 2918 Nitor
743 2869 829 2926 Hebri,
839 2867 891 2931 εἷα]
909 2867 999 2917 Dictio
1019 2865 1093 2928 plane
1111 2865 1150 2914 iu·

63 2938 213 3002 filiationem
225 2946 346 2987 etcursm
354 2940 447 2989 aufert.
464 2941 586 3004 Sappho:
626 2947 720 3009 solens,
728 2960 819 2995 carens
830 2944 991 3006 exemplum
1003 2957 1059 3004 qnae
1071 2940 1151 2991 bilem

64 3015 162 3064 Γλυκιῖα
185 3015 268 3077 μΐιτερ,
292 3016 358 3065 abrai
381 3014 479 3077 δύναμαι
499 3016 589 3080 spineis
627 3021 708 3070 movit
724 3022 802 3069 etiam
822 3017 1019 3067 admiratoribus
1038 3014 1152 3074 Horatii,

63 3089 589 3155 atrtoetr,ntsqsap‹nawtts,t³patoiv
627 3097 685 3159 ejus
712 3096 763 3143 isto
784 3096 839 3142 loco
861 3090 1013 3141 cacozeliam
1036 3092 1152 3138 notanti·

65 3167 93 3213 δι’
104 3166 251 3228 Ἀφροδίταν.
275 3168 360 3217 Dulcis
370 3169 587 3231 mulenbaudpos·
629 3170 682 3219 bns.

63 3255 115 3288 sum
125 3242 199 3289 ordiri
210 3244 289 3302 telum,
303 3243 419 3303 Compsa
431 3257 508 3292 amore
522 3243 588 3304 pueri
658 3241 768 3289 bSimul
791 3243 872 3286 enetos
894 3238 1010 3286 Tiberinis
1036 3239 1153 3301 intuerer,

59 3329 103 3375 per
123 3317 209 3362 lentum
235 3316 355 3364 Venerem.
392 3315 469 3377 Apud
497 3315 587 3376 virgil.
626 3312 679 3376 qn]
697 3313 773 3360 Hunc
785 3326 885 3361 versum
906 3314 1062 3363 interserunt
1073 3314 1152 3377 aliqui

64 3386 135 3434 Dido
144 3397 315 3450 amorecupts
324 3390 418 3444 AEuem,
429 3396 517 3437 cetera
527 3402 586 3448 neg·
626 3386 734 3448 septimo
743 3388 809 3448 loco,
822 3388 932 3450 pleniori
944 3389 1046 3452 quidem
1057 3402 1132 3435 sensu
1144 3405 1151 3437 ι

62 3462 223 3522 ligitomuia.
257 3462 456 3511 AEneid.rv.86.
489 3461 555 3507 Vide
568 3474 587 3507 ι.
626 3474 714 3509 rernm
735 3470 910 3525 praeterquam
933 3463 1001 3527 qnod
1023 3470 1151 3523 repugnat

66 3536 117 3586 Od.
129 3540 152 3582 8.
168 3535 253 3597 ibique
267 3535 329 3583 Not.
627 3537 745 3586 carminis
757 3539 807 3593 lex,
816 3547 843 3587 et
855 3540 974 3586 instituta
982 3549 1096 3584 versuum
1109 3551 1151 3585 sc·

99 3609 211 3670 Neobule]
230 3607 280 3656 Νέα
289 3611 374 3669 βουλὴ,
380 3608 485 3668 juvenile
495 3609 588 3657 consili·
627 3613 694 3671 ries;
712 3613 836 3676 siqnidem
848 3616 895 3661 linc
908 3620 983 3674 pscto
995 3611 1045 3658 dno
1057 3612 1151 3661 Tetra·

66 3702 118 3736 um:
136 3686 177 3733 vel
187 3684 237 3732 νέος
248 3687 334 3742 βῶλος,
346 3700 404 3732 noca
414 3685 491 3744 gleba.
625 3687 700 3734 metri
717 3688 831 3735 continui
851 3694 1004 3748 ponerentur
1011 3703 1018 3743 3
1036 3685 1061 3732 id
1084 3688 1152 3735 insu-

98 3762 200 3825 Lipnroei
210 3763 273 3809 nitor
285 3760 373 3824 Hebri]
392 3761 496 3823 Species
508 3767 534 3808 et
545 3760 590 3808 de·
627 3776 672 3824 per
683 3771 781 3810 rectum
798 3759 961 3824 perturbaret
978 3760 1093 3808 ordinem
1105 3775 1151 3808 ex·

67 3855 112 3888 cor
130 3838 298 3886 adolescentis
315 3835 590 3896 HebrieLiparaori·
627 3837 804 3885 oscitationum
837 3835 956 3882 Romanis
988 3836 1151 3885 usitatarum.

68 3915 145 3962 nudi:
163 3911 591 3975 quaeprucipuuestinterAEolias
630 3912 696 3958 Nam
718 3918 775 3972 post
802 3910 979 3958 decursionem
1002 3912 1027 3958 in
1054 3912 1150 3974 Campo

69 3988 173 4048 insulas,
184 3988 210 4035 in
222 3988 286 4035 mari
302 3986 451 4050 'l'yrrlteno;
463 3983 537 4034 hodic
550 3985 593 4032 Li·
629 3986 724 4034 liiartio
734 3986 869 4048 duplicem,
880 4000 947 4049 equo
959 4000 1052 4048 nempe
1064 3997 1090 4035 et
1106 4001 1150 4047 pe·

66 4062 136 4119 Ptm'r
161 4063 256 4123 ponder
277 4079 291 4111 a
310 4062 412 4122 Siciliam
434 4060 509 4110 modo
524 4058 590 4108 bene
630 4060 713 4121 dibus,
732 4069 838 4125 postque
862 4063 969 4123 luctam,
989 4076 1033 4110 seu
1053 4062 1150 4123 pugilu-
