2408 4200
51 263 116 328 28⁴
412 280 446 337 Q·
469 276 625 326 noniru
651 277 782 324 rancor

179 420 288 495 Sensi,
303 418 420 482 relicta
433 438 499 481 non
514 419 600 482 bene
616 416 788 500 parmula3

221 519 306 585 (lum
321 518 430 584 fracta
443 520 560 595 virtue,
575 525 611 582 et
627 518 776 583 minaces

266 622 378 704 Turpe
392 621 497 686 solunt
512 622 648 702 tetigere
663 624 785 682 mento.

49 813 105 859 gam
122 799 275 862 precipitem,
287 798 380 874 ¹iibjeeto
397 798 503 874 indecore
521 799 615 874 clypea·
632 797 723 860 qttardo
740 797 817 846 oirttu
831 796 955 872 dedilitqto
972 801 1016 857 ert,
1032 799 1056 843 et
1072 799 1142 843 terro

51 863 222 922 mtmsoede
229 864 390 926 applicuerant
402 878 443 924 qiu
454 861 668 921 mmarpootabort.
701 864 735 910 At
747 862 815 911 relos
826 862 959 910 Momm
968 859 1143 910 trmrdardarr
1166 895 1173 913 ,

504 998 689 1023 ΟΜΝ

51 1115 92 1157 eat
103 1109 179 1158 etiarn
193 1110 218 1158 io
230 1110 307 1161 codd.
323 1112 393 1160 Plin.
405 1125 457 1161 xit.
469 1116 510 1161 26.
527 1124 590 1161 xiii.
604 1115 690 1160 l.-ll
710 1111 804 1159 Venet.
816 1113 888 1158 1492.
901 1117 927 1158 et
940 1107 1046 1157 Locber.
1063 1112 1087 1154 et
1098 1106 1142 1153 ru'·

50 1186 118 1220 nocer
129 1178 213 1222 tarmoe
226 1175 312 1238 liupr,
323 1179 362 1237 ξε.
380 1176 636 1225 errorlibrarii.-12
654 1172 751 1237 torpe!
767 1181 796 1222 ut
813 1174 847 1222 eit
866 1174 1016 1235 interjectio
1025 1188 1044 1220 e.
1057 1169 1142 1219 excla-

50 1237 140 1292 matio,
153 1245 209 1299 poet
222 1238 300 1287 Geor.
312 1241 466 1296 Fabricium,
478 1240 577 1289 llersm.
594 1239 680 1288 Bentl.
695 1237 805 1300 euolog.
820 1237 915 1286 Sanad.
926 1246 954 1285 et
970 1237 1035 1285 Sirr.
1056 1234 1143 1282 mirari

54 1301 131 1363 turpe
142 1302 216 1348 colom
227 1308 246 1350 t.
258 1308 334 1351 mento
345 1304 434 1352 mallet
445 1303 500 1354 Joe.
513 1304 640 1367 Scaliger.
649 1302 726 1351 Poet.
735 1316 773 1350 vt.
785 1306 808 1349 ’1.
825 1303 922 1350 ‘Totus
935 1301 959 1348 ei
971 1300 1042 1348 locui
1051 1297 1142 1359 displi-

50 1373 102 1412 cet
134 1365 211 1426 Vide,
221 1366 242 1413 ei
261 1366 345 1415 ridere
364 1367 443 1428 roler,
455 1367 583 1430 quomodo
599 1367 711 1429 corrigat
728 1365 879 1414 Horatium:
901 1366 961 1412 Crini
972 1365 1054 1423 fracta
1065 1363 1142 1409 oirtiu

50 1427 160 1477 incolenti
171 1428 206 1492 (a.
217 1430 347 1494 obstinato)
360 1432 448 1479 Cedere
462 1446 509 1479 noa
520 1431 596 1480 corito
607 1437 642 1479 ert
656 1430 754 1490 surori5
771 1430 829 1486 Vel,
843 1429 925 1478 Oblita
941 1429 1016 1476 uirtus
1033 1441 1085 1474 carn
1100 1439 1140 1472 oe·

544 1577 648 1626 NO'l'AE

83 1682 575 1749 ionemtrnonbeoepomato]1nea
615 1693 643 1735 nt
667 1695 797 1736 cerretum
820 1687 928 1745 rudivit,
956 1689 1061 1735 allatum
1091 1686 1143 1735 vel·

49 1757 122 1805 clade
133 1756 221 1821 sugam
232 1774 364 1809 anamnou
376 1760 521 1811 dissimulat
532 1762 574 1811 bic
614 1769 644 1810 ut
660 1761 776 1811 laborum
794 1761 935 1824 gloriaque
952 1761 1049 1808 socium
1069 1774 1143 1809 oecu-

50 1832 185 1895 Horatiue,
203 1835 308 1897 inruper
324 1842 353 1884 et
372 1837 457 1900 clypei
474 1838 576 1901 projec·
614 1836 682 1885 latua
700 1837 758 1885 eet!
789 1836 867 1898 Apud
885 1834 1017 1883 Plutarch.
1034 1834 1143 1896 Apoph-

50 1908 154 1956 tionem.
186 1909 263 1960 Quod
285 1910 317 1959 ad
340 1912 449 1975 primam
470 1914 575 1974 attinet,
616 1912 713 1974 thegio.
735 1913 830 1961 Lacon.
849 1912 1008 1960 Demaratus
1032 1909 1143 1956 interro·

50 1995 184 2036 nonceret
195 2001 297 2050 temper
308 1988 485 2040 exeuntione.
508 1990 575 2039 Nam
615 1994 702 2049 potue,
715 1985 776 2049 qaid
794 1985 932 2035 dedecoris
950 1993 978 2034 et
998 1984 1085 2047 probri
1107 1983 1143 2031 rit

49 2060 127 2110 fortia
138 2070 177 2111 ert
193 2077 242 2112 non
260 2066 335 2114 modo
352 2067 481 2126 rerietere,
492 2064 537 2113 aed
548 2072 577 2114 et
617 2065 737 2126 clypeu-
751 2062 944 2125 abjicientibus,
960 2074 1010 2108 oon
1032 2061 1067 2107 ita
1080 2072 1142 2107 vero

51 2137 286 2201 eapientert'ngere
298 2142 443 2189 accedere.
465 2140 509 2188 Sic
523 2140 576 2188 Ho·
615 2141 714 2201 galeam
725 2145 771 2186 ant
782 2137 904 2201 gladium,
921 2136 1064 2198 respondit,
1082 2133 1143 2196 qaia

50 2226 134 2261 nieruo
144 2215 248 2263 AEoeam
261 2216 349 2264 laudat
359 2217 431 2278 yelut
442 2215 575 2264 metuendi
615 2215 670 2263 Ιιια
681 2215 720 2262 rui
739 2214 852 2276 iptorum
868 2225 947 2260 causa
958 2216 1072 2268 aurnum,
1088 2207 1144 2270 cly-

50 2286 215 2352 tiigieodique
226 2291 355 2352 peritum:
373 2299 399 2338 et
410 2292 474 2339 bene
486 2290 511 2338 ei
522 2290 575 2338 lan·
617 2303 692 2352 peona
704 2295 790 2336 autem
801 2287 941 2335 communie
955 2285 1020 2334 aciei
1033 2285 1128 2346 gratia.

51 2364 108 2411 dem
117 2365 187 2426 juste
199 2366 254 2413 dori
268 2366 384 2427 agnoscit
396 2365 472 2414 Plato
487 2365 513 2412 in
526 2366 575 2413 La·
650 2368 676 2411 11
699 2363 854 2421 Confracta
874 2360 963 2421 virtus]
981 2360 1045 2408 Cum
1067 2357 1144 2405 Bruti

53 2439 136 2486 cliete.
169 2439 235 2486 Vide
247 2448 273 2486 ct
286 2440 386 2487 initium
399 2439 460 2486 ritae
472 2438 574 2500 Pelopi·
616 2452 677 2500 para
696 2437 814 2486 etrirtur
833 2437 900 2485 ricta
919 2445 958 2483 ost
975 2433 1034 2483 fatie
1052 2433 1144 2481 adver·

51 2512 90 2558 dae
115 2513 182 2573 apud
208 2515 339 2561 Plutarch.
374 2513 492 2561 Alterum
514 2527 575 2562 vero
616 2516 779 2574 rentibus,et
789 2516 906 2577 Augusto
921 2514 1061 2577 Imperium
1074 2511 1143 2559 orbie

51 2584 125 2645 enlpn
137 2598 265 2646 nunqnam
279 2599 371 2634 vacare
383 2586 512 2637 creditum
525 2595 574 2638 eat.
616 2591 814 2640 destinantibua.
846 2592 910 2638 Tum
922 2591 990 2637 enim
1007 2589 1032 2635 in
1045 2599 1143 2634 aomina

49 2659 125 2707 Unde
136 2659 205 2720 opud
214 2658 357 2708 Germanou
366 2664 445 2711 aierit
454 2664 576 2714 interdic·
618 2681 700 2715 rerum
723 2666 906 2730 desperatione
928 2665 970 2712 ille
993 2661 1061 2724 apud
1084 2674 1143 2709 onor

52 2744 104 2782 turn
116 2742 172 2783 erat
184 2734 207 2781 ei
226 2734 269 2797 qui
282 2734 307 2780 io
324 2737 380 2782 acie
394 2746 495 2786 teritum
513 2740 575 2788 ami·
615 2751 772 2805 conquestor
792 2741 893 2799 sertum
910 2740 1022 2787 ‘iriietra
1034 2737 1144 2784 coluisse

51 2813 135 2856 eiciet.
168 2809 244 2857 Alex.
258 2810 290 2857 ab
301 2809 376 2858 Alex.
386 2824 423 2858 iv.
434 2817 473 2862 lt.
496 2815 575 2876 Apud
615 2833 642 2866 aa
656 2819 787 2877 virtutem,
798 2831 854 2879 quae
873 2817 945 2863 inane
961 2821 1148 2871 carcinoma,

50 2885 574 2948 Spartanorautemcapiteluebat.ldern
615 2900 643 2939 et
665 2890 776 2940 fortnnoe
800 2889 929 2937 serviret!
962 2888 1096 2935 Plutarch.
1117 2886 1144 2933 in

48 2971 78 3005 ιι.
109 2962 147 3007 la.
170 2959 236 3007 Vide
257 2960 367 3010 Aristot.
393 2976 423 3010 ιι.
447 2965 576 3014 Rhetoric.
616 2968 705 3015 Bruto.
724 2966 777 3014 Dio
796 2965 840 3013 lib.
862 2978 952 3013 xcvii.
971 2963 1145 3023 Appiau.lib.

49 3033 188 3083 Modeotin.
200 3034 296 3085 Juriac.
307 3037 352 3085 lib.
364 3049 407 3086 ιιι.
418 3037 451 3085 de
471 3039 509 3087 Re
526 3040 575 3087 Mi·
616 3054 656 3090 iv.
670 3038 852 3100 Liullpitorne
861 3039 904 3086 lib.
914 3050 1010 3085 cxxiv.
1027 3038 1034 3061 ‘
1048 3037 1078 3084 C.
1087 3037 1145 3085 (2ae-

49 3110 126 3157 litari.
150 3109 220 3158 Hinc
232 3119 299 3159 tecte
312 3113 447 3162 Ammiano
459 3114 576 3164 Marcell.
616 3129 657 3165 ear
668 3122 695 3164 et
707 3116 831 3164 Antonino
842 3114 909 3177 apud
922 3114 1055 3176 l’liilippos
1074 3112 1144 3161 vario

49 3184 94 3232 lib.
107 3197 172 3231 xxv.
186 3186 263 3246 poulo
282 3196 339 3248 port
352 3188 470 3237 initium:
487 3192 576 3252 ‘Epa·
617 3200 710 3239 eventu
736 3198 827 3239 contra
846 3192 956 3238 Brutum
980 3197 1006 3237 et
1025 3188 1143 3237 Caesium

51 3258 185 3305 rninondar
201 3260 244 3306 ille
257 3261 308 3307 dux
323 3262 445 3325 inclytus,
464 3266 577 3314 letaliter
617 3272 808 3329 pugnaverunt5
826 3266 861 3313 ita
875 3275 903 3313 ut
916 3267 1048 3328 utriusque
1062 3263 1142 3326 partie

49 3333 118 3393 apud
131 3335 290 3382 Mantineam
301 3339 401 3386 caucius
413 3354 531 3389 reversus
543 3356 576 3390 ex
615 3355 712 3390 cornua
721 3340 814 3388 dextra
823 3341 963 3388 vincerent.
1026 3338 1071 3386 aed
1082 3339 1144 3385 inte-

48 3408 115 3467 acie‚
136 3417 236 3455 acutum
261 3410 361 3458 solicite
385 3417 574 3477 conquirebat:
614 3415 980 3480 qualamiortunompartiom
1000 3415 1143 3464 morocor-

50 3483 118 3544 quod
136 3496 192 3528 cuin
205 3482 312 3529 vidisset
330 3487 444 3547 propius,
454 3491 538 3538 laetior
551 3492 574 3538 vi
616 3494 646 3541 rii
663 3491 737 3550 iecit,
750 3493 794 3557 qui
810 3507 867 3540 cuin
880 3493 904 3539 in
918 3507 948 3539 eo
961 3506 1038 3539 cornu
1052 3490 1143 3537 luisset

49 3557 163 3603 Vll¹¹¹⁰ll³
180 3557 293 3616 ἰῦῐθῐῑῑῐὶ
310 3567 336 3606 at
348 3563 391 3621 qui
413 3564 522 3612 animam
538 3567 574 3612 in·
615 3569 682 3633 quod
700 3571 800 3632 pulsum
818 3578 883 3625 ertit,
897 3577 977 3617 totum
999 3569 1142 3617 exercitum

49 3632 166 3694 trepidus
185 3632 329 3693 amittebat,
342 3635 470 3696 jacturam
491 3641 574 3701 clypei
616 3645 701 3694 t‘iisutn
721 3656 801 3705 ratur,
814 3654 920 3693 mortain
940 3646 988 3693 sibi
1009 3644 1141 3692 conscivit.

49 3709 216 3757 formidavit!
249 3709 326 3759 (diroti
349 3712 417 3760 idem
437 3715 473 3762 ita
494 3715 575 3765 refert
616 3722 707 3769 Altero
718 3721 812 3768 deinde
826 3723 916 3782 proelio
929 3723 1011 3768 victur
1024 3721 1062 3767 111.
1075 3719 1140 3763 Bru-

49 3787 166 3834 lustinus
184 3787 198 3834 1.
214 3799 251 3834 vi.
269 3793 275 3813 ⁴
287 3786 331 3849 Ut,
343 3788 438 3836 relatur
450 3792 475 3838 in
488 3802 574 3842 caetra
616 3806 656 3845 tue
668 3805 695 3845 et
705 3798 759 3858 ipae
770 3798 848 3845 vitam
859 3796 952 3855 linivit,
960 3807 1079 3843 annorum
1092 3792 1142 3839 cir·

51 3864 206 3912 semianimis
233 3864 460 3929 (Epaminondae),
486 3884 574 3918 vocem
615 3874 682 3919 citer
694 3872 878 3934 quadragintu;
894 3879 1000 3919 exorato
1017 3868 1139 3914 Stratone

49 3938 219 4002 spiritumque
236 3941 348 4001 collegit,
363 3940 388 3988 id
407 3957 511 3992 nnuma
525 3947 573 3994 cir·
615 3947 683 4008 iugc·
699 3950 804 4008 comite,
815 3958 843 3995 ut
860 3948 906 3995 sibi
927 3944 1035 4007 gladium
1054 3941 1141 4004 adige·

49 4016 234 4061 curuatantibus
245 4016 388 4077 requisivit,
400 4033 458 4067 nuru
472 4020 573 4068 cadenti
616 4024 672 4071 ret!
706 4025 852 4087 xiphilinus
872 4025 895 4069 in
908 4022 1026 4079 Angusto
1037 4019 1073 4065 sic
1086 4031 1139 4065 rem

52 4084 99 4131 sibi
119 4096 217 4134 scutum
235 4091 373 4140 ademisset
392 4095 487 4144 hostis:
505 4096 573 4159 quod
615 4098 755 4147 dereribit:
775 4099 819 4145 ‘Si
835 4099 930 4145 Brutus
953 4109 1009 4142 cum
1028 4094 1140 4142 Antonio
