2408 4200
383 279 589 329 canutrtuu
613 283 685 331 ιιι.
708 285 748 331 ιι.
771 271 802 333 1.

183 418 206 482 J
208 439 283 496 uno,
299 426 334 482 et
349 420 493 484 Deorum
508 423 660 505 quisquis
678 426 818 490 amicior

90 528 101 537 ’
181 517 274 580 Afris
288 519 393 583 inulta
407 529 560 584 cesserat
567 524 735 605 impotens

224 617 370 695 Tellure,
385 619 549 683 victorum
565 633 708 704 nepotes

268 718 400 783 Retulit
411 719 547 784 inferias
562 721 586 785 J
590 724 748 804 ugurtbae.

55 901 117 951 torris
133 904 210 952 enirm
227 904 324 953 iurictn.
357 906 423 954 douo
442 907 529 968 aliique
540 906 585 955 Dii
600 905 724 966 micenis
734 907 845 966 suoertes
860 909 1023 970 demigrarent
1033 910 1143 973 imperes,

54 969 171 1015 termille
182 982 227 1016 ιιοιι
237 968 375 1024 vindicetur
390 974 417 1017 at
427 972 494 1017 modo
510 970 625 1017 victorum
640 974 745 1032 posteros
759 972 888 1030 Jugurthoe
898 977 1067 1035 repraesentant
1082 973 1143 1035 isse·

501 1094 681 1115 OOWOO

53 1187 104 1233 eise
113 1186 488 1251 Var.1ect.np.Jones.-2u.
505 1196 536 1241 2⁷
554 1193 619 1241 Post
631 1193 702 1253 Afris
712 1208 821 1254 comma,
838 1201 866 1243 et
885 1201 943 1256 post
956 1197 1047 1244 Tellure
1064 1199 1143 1260 majo·

55 1262 108 1297 rem
124 1250 317 1302 distinctionem
339 1262 438 1316 ponunt
456 1257 545 1304 multae
568 1256 627 1305 edd.
648 1263 712 1305 vett.
732 1272 789 1305 cunr
809 1258 900 1306 Lamb.
921 1253 1140 1321 Crnq.''l'orrent.

54 1311 144 1362 Heius.
162 1315 194 1363 R.
214 1326 242 1364 et
259 1315 294 1364 ιι.
312 1317 403 1379 Stepb.
419 1319 515 1381 Delplr.
536 1318 620 1367 Bond.
638 1320 771 1369 Schrevel.
789 1320 869 1369 ant.
887 1321 977 1370 cumb.
997 1329 1025 1370 et
1043 1322 1143 1372 weltes.

54 1376 149 1426 ‘male2
168 1392 219 1427 naa
230 1381 357 1428 sententia
369 1381 426 1432 est!
435 1383 571 1431 duri—28
588 1384 702 1445 Rettulit,
712 1390 741 1431 nt
753 1384 814 1431 alias
830 1384 966 1447 ‘relliglo,'
983 1386 1144 1450 ‘relliquiae,’

542 1511 648 1561 NOTAE

53 1598 124 1649 flecti
136 1600 258 1660 nescium,
274 1602 384 1668 denique
397 1605 488 1655 Portis
499 1614 576 1670 geute
617 1616 646 1657 ut
658 1609 779 1657 restitere
792 1607 852 1657 t'atts
870 1608 1007 1670 impotens.
1040 1607 1080 1655 Ex
1097 1621 1140 1655 ve·

54 1687 84 1724 ae
96 1678 234 1725 severitate
245 1678 390 1740 superbum.
616 1684 665 1731 teri
677 1698 751 1746 porro
767 1683 954 1732 consuetudine
967 1681 1140 1730 Romanorum

84 1754 114 1798 25
131 1752 204 1814 June,
216 1757 238 1799 et
250 1753 354 1802 Deorum
365 1755 470 1816 quisquis
479 1757 576 1804 amium
615 1759 789 1807 evocabuntur
806 1773 839 1806 ex
853 1758 961 1805 obsessis
980 1757 1085 1804 urbibus
1097 1757 1140 1803 Dii

52 1824 128 1883 Αίήε,
139 1824 192 1887 hu]
208 1827 253 1875 Dii
267 1829 312 1891 qui
331 1830 448 1878 Numidis
466 1832 492 1879 in
509 1832 576 1880 bello
615 1846 701 1879 earum
712 1833 855 1881 Tutelares.
883 1831 1141 1879 Solenueilludevo·

53 1897 208 1960 iugurthino
226 1898 355 1963 faverant,
373 1917 430 1951 cum
452 1912 513 1953 tunc
532 1919 575 1954 eor
615 1906 724 1955 cationis
744 1920 847 1954 carmen
866 1905 948 1954 refert
963 1906 1079 1954 Macrub.
1099 1907 1141 1954 Se·

54 1974 192 2023 defendere
213 1991 264 2024 uon
291 1986 406 2039 possent,
426 1981 576 2040 urgentibus
616 1989 682 2028 turn.
694 1994 736 2027 ιιι.
747 1984 771 2029 9.
787 1981 830 2027 ‘Si
840 1981 924 2039 Deus,
935 1981 956 2027 si
968 1981 1027 2028 Dea
1039 1987 1089 2038 est,
1099 1981 1141 2027 cui

53 2048 170 2096 nimirum
183 2047 253 2111 fatis,
265 2063 374 2112 cumque
385 2052 491 2100 amicam
503 2055 576 2103 ulcis·
616 2053 725 2115 populus
754 2052 896 2115 civilesque
924 2052 1141 2113 Carthaginiensis

54 2121 79 2169 ci
90 2130 183 2170 terram
196 2136 226 2171 ac
237 2128 340 2182 gentem
358 2125 433 2173 modo
449 2141 499 2174 nou
517 2129 576 2176 lice·
617 2128 705 2175 estin
727 2127 820 2186 tutela,
845 2133 923 2190 teque
954 2126 1063 2173 maxime
1088 2125 1141 2181 ille,

53 2204 103 2257 ret,
113 2211 186 2245 suum
197 2199 223 2245 ιιι
234 2199 363 2246 Romanos
375 2198 460 2248 odium
473 2201 577 2250 distule-
617 2202 661 2264 qui
684 2199 754 2248 urbis
776 2200 849 2261 hujus
872 2199 1011 2262 populique
1033 2199 1141 2245 tutelam

53 2279 122 2332 runt,
135 2271 287 2334 tandemque
299 2273 480 2335 expleverunt,
497 2290 577 2339 quan·
617 2276 848 2337 recepisti‚precor
857 2285 1025 2335 venerorque,
1033 2271 1141 2319 veniam·

53 2345 86 2395 dn
98 2347 208 2397 victores
220 2348 288 2411 ipsus
306 2354 350 2396 aut
368 2364 455 2398 eurum
467 2358 576 2413 nepotes
616 2363 664 2412 que
676 2363 691 2396 a
703 2348 772 2397 vobis
785 2354 855 2410 peto,
871 2355 900 2396 ut
919 2362 961 2395 ror
974 2348 1095 2410 populum
1107 2348 1141 2394 cl-

52 2423 123 2471 velnt
139 2423 234 2471 hostias
247 2431 402 2483 mactarunt,
415 2431 492 2487 atque
508 2424 575 2473 infe·
616 2424 773 2487 vitalemque
785 2422 1023 2485 Carthaginiensem
1036 2421 1140 2469 desera-

52 2498 103 2544 rias
122 2498 255 2558 Jugurthae.
275 2505 302 2546 ct
322 2497 440 2546 Afrorum
460 2499 576 2546 manibus
616 2500 666 2557 tis;
683 2499 748 2559 loen,
768 2499 875 2560 templa,
898 2511 980 2556 saera,
1001 2495 1141 2559 urbemque

52 2571 79 2619 in
101 2569 190 2620 Africa
212 2573 266 2635 ipsa
285 2572 412 2621 dederunt
432 2587 461 2621 ec
482 2574 576 2621 retule·
617 2573 880 2635 relinquatis,ubsque
892 2571 1051 2620 lrisabeutis:
1065 2571 1140 2635 eique

52 2654 129 2705 runt;
147 2653 200 2694 tum
218 2660 309 2709 nempe
327 2661 383 2694 cerm
400 2647 433 2694 ad
448 2648 576 2708 Thapsum
617 2648 712 2708 populo
732 2647 880 2709 civitatique
900 2654 1004 2705 metum,
1024 2644 1140 2694 tormidi-

52 2720 141 2766 urbem
164 2719 259 2769 Allien
286 2723 438 2769 maritimum
466 2723 577 2785 quinque
617 2735 685 2779 uem,
707 2721 860 2771 oblivionem
880 2722 1015 2783 injiciatis;
1032 2718 1139 2781 proditi·

52 2794 162 2842 bostium
186 2796 315 2859 myriadas
335 2795 466 2845 interfecit
482 2800 577 2855 Cesar,
617 2810 666 2859 que
677 2796 779 2846 Romam
791 2798 822 2844 ad
835 2808 875 2842 me
885 2807 1005 2856 meosque
1019 2794 1141 2853 veniatis,

53 2870 187 2919 annitente
208 2871 311 2934 quidem
334 2870 425 2920 Asinio
449 2874 575 2936 Pollione,
616 2880 754 2936 nostraque
771 2871 844 2919 vobis
861 2872 925 2923 loca,
945 2871 1043 2931 templa
1058 2885 1140 2926 sacra,

53 2958 104 2992 nna
125 2944 168 2993 die
186 2947 267 2994 tribus
289 2946 446 2995 exercitibus
468 2963 573 3011 supere·
613 2948 817 3007 nrbsecceptior
830 2947 1073 3010 probatiorquesit:
1093 2950 1140 2996 mi-

52 3019 95 3077 tis,
116 3018 297 3067 Consularibus
320 3033 351 3067 ac
379 3021 514 3068 Praetoriis
537 3024 573 3068 ri·
613 3026 638 3070 hi
651 3033 762 3081 quoque,
775 3021 921 3078 populoque
935 3021 1060 3075 Romano,
1074 3022 1140 3068 mili-

53 3093 88 3137 ris
105 3093 277 3151 compluribus
294 3100 338 3137 aut
357 3095 441 3150 captis
458 3101 503 3138 aut
526 3107 576 3138 cte·
618 3094 736 3150 tibusquc
748 3089 811 3133 meis
824 3088 955 3145 praeposui
968 3089 1034 3141 sitis,
1045 3092 1141 3139 utacia.

53 3164 151 3222 sis,ant
169 3164 200 3208 ad
219 3164 388 3208 voluntariam
401 3164 578 3209 necemndac-
619 3159 916 3219 musintellignmusqnc.
949 3159 977 3207 si
998 3161 1034 3206 ita
1049 3159 1141 3210 feceri.

54 3237 103 3296 tis3
121 3235 196 3283 victis
218 3233 329 3296 denique
350 3233 481 3295 Scipione,
504 3232 579 3282 Atra-
620 3237 661 3289 tis,
673 3247 753 3281 voveo
766 3230 838 3279 vobis
850 3234 946 3294 templa
955 3233 1076 3296 ludosque
1089 3233 1140 3284 fac·

53 3310 107 3370 uio,
118 3309 195 3373 Juha,
205 3311 313 3358 Catone.
338 3309 473 3358 Plutarch.
483 3310 508 3357 in
518 3310 579 3357 Vita
621 3308 725 3359 turum!

54 3387 83 3436 C.
93 3387 211 3444 Caesarir,
224 3387 323 3444 Florus,
333 3389 382 3435 διε.
650 3389 681 3433 ut
696 3384 816 3433 Victorum
824 3385 928 3447 nepotes]
938 3384 1065 3447 Scipionis
1075 3382 1141 3431 Afri·

85 3462 162 3523 Juuo]
178 3459 267 3520 virgil.
288 3450 389 3508 lEneid.
405 3473 421 3508 ι.
444 3463 481 3507 tu.
517 3459 577 3507 Cer·
617 3462 685 3521 caui,
696 3461 738 3523 qui
752 3460 820 3508 vieto
831 3458 977 3507 Hannibale
990 3458 1139 3520 vectigalem

54 3537 182 3598 rhaginem
205 3533 301 3583 ,lunoni
321 3534 443 3581 dilectam
463 3534 577 3581 ostendit
617 3537 718 3597 Populo
743 3535 857 3582 Romanu
884 3532 981 3580 t'ecernt
1006 3534 1140 3593 Carthagi·

53 3612 92 3660 his
104 3610 187 3658 uerbis
198 3626 204 3657 :
217 3608 499 3671 ι(Ἰιιιιιιιιςο,...(ιιιαιιι
508 3610 576 3658 Juno
617 3624 686 3671 nem,
704 3623 784 3670 nepos
796 3609 828 3657 Q.
840 3606 927 3667 Scipio
940 3607 1020 3666 primo
1037 3605 1139 3667 quidem

52 3685 138 3734 fertur
161 3684 235 3730 terris
256 3682 334 3742 magis
365 3680 480 3730 omnibus
501 3696 576 3729 unam
616 3686 642 3732 in
661 3684 819 3732 Caesarianos
834 3681 927 3729 bellum
940 3696 988 3728 non
1002 3680 1138 3730 infeliciter

52 3758 205 3809 Posthabitn
216 3757 324 3804 coluisse
341 3756 434 3804 Samo:
452 3755 491 3803 hic
509 3757 576 3804 illius
616 3773 716 3822 gerens,
735 3758 766 3804 ab
779 3757 807 3804 iis
821 3757 922 3803 demum
935 3755 1085 3816 profligatus
1096 3775 1139 3808 oc.

55 3847 133 3891 arma,
152 3832 203 3879 Hic
223 3845 311 3878 currus
328 3830 392 3878 fuit:
411 3830 458 3877 hoc
472 3845 575 3894 reguum
616 3834 719 3890 cubuit3
738 3839 764 3878 ut
777 3840 836 3877 unte
848 3828 909 3874 dixi.
935 3827 1138 3888 lippientibus.

54 3906 113 3953 Dea
122 3907 241 3968 gentibus
250 3919 313 3962 ease,
324 3906 350 3952 Si
360 3919 411 3966 qua
421 3902 475 3951 suta
485 3907 577 3967 sinaut,
648 3911 679 3954 28
699 3905 790 3953 Retulit
807 3897 916 3958 iuferius]
935 3899 964 3946 lu
984 3911 1137 3955 mortuoram

53 3980 107 4041 jam
120 3989 173 4029 tum
186 3982 331 4044 tenditque,
341 3980 482 4042 fovetque!
617 3981 695 4028 sacris
704 3980 763 4025 olim
772 3971 1138 4036 juvenesinferebnuturmac·

88 4059 120 4103 26
132 4056 250 4118 Cesserat]
267 4056 431 4119 Demigrurat
446 4055 513 4116 inde,
527 4057 577 4103 rel·
618 4054 790 4113 rabunturqne
800 4049 830 4095 nd
840 4047 978 4109 placendos
987 4051 1139 4103 lrorumsau·
